4500 6842
305 639 378 701 tlte
929 652 1105 709 RESPthh
1125 653 1307 714 cadentes.
1874 676 1942 731 ttet-

309 773 443 838 eshibnit,
458 766 600 843 presentia
613 778 657 825 trra
670 787 724 826 non
739 768 868 825 vellemus
880 784 984 834 carere,
999 770 1020 823 si
1032 784 1100 838 quu-
1112 774 1137 833 Α
1151 773 1269 827 studium
1281 776 1456 842 paenitentis:
1472 776 1494 831 si
1509 779 1569 847 rpris
1580 780 1652 835 cuim
1666 786 1798 839 veraciter
1809 800 1942 855 prvrutcn-

309 881 365 937 quo
390 862 469 919 modo
484 878 546 918 eam
561 877 702 933 possemus
728 861 828 917 habere
854 861 1020 915 continuam.
1046 860 1099 915 Sed
1153 865 1216 918 tiarn
1230 866 1326 935 egerit,
1347 883 1407 921 cunr
1423 868 1551 940 lacrymis
1568 872 1669 941 jejunia
1685 883 1713 929 et
1733 877 1869 934 orationes
1885 883 1940 937 aril-

309 956 373 1027 quia
384 970 454 1009 verae
466 952 607 1008 eharitatis
621 967 653 1007 ca
670 958 712 1006 cst
728 951 809 1014 ratio,
820 959 850 1005 rrt
868 950 939 1021 quod
955 950 1100 1021 corporali-

308 1055 352 1102 ter
366 1046 464 1100 habere
477 1058 568 1098 seeum
583 1057 636 1096 non
655 1048 753 1111 potest,
775 1040 950 1109 spiritualiter
962 1056 1099 1111 nunqnam

309 1137 409 1192 babere
425 1140 534 1188 cesset:
551 1131 614 1186 licet
634 1146 749 1201 corpore
764 1131 862 1185 absens
887 1130 935 1194 sis,
948 1129 1044 1199 spiritu
1059 1137 1100 1183 ta-

308 1241 370 1282 rnen
385 1237 504 1295 praescus
524 1237 585 1277 esse
604 1237 657 1276 nnn
677 1221 793 1274 desistis.
807 1219 883 1286 Quod
910 1233 1028 1288 eorrsrpre
1042 1219 1097 1283 bet,

307 1318 394 1373 rluuec
407 1333 456 1388 per·
468 1315 514 1369 llei
526 1314 638 1386 gratiam
652 1313 725 1367 exuti
738 1327 752 1365 a
766 1326 879 1381 corpure
889 1319 1036 1381 praesentes
1046 1310 1100 1363 eri-

308 1429 334 1466 m
343 1428 369 1467 rs
382 1410 452 1481 aprrrl
465 1410 559 1463 berrrn.
573 1407 629 1461 flor:
642 1414 731 1459 tamen
749 1403 860 1475 adipisci
875 1418 924 1457 nos
937 1417 1027 1471 posse,
1041 1416 1099 1455 rua-

308 1504 350 1573 gis
362 1502 446 1558 divini
463 1509 505 1555 est
527 1498 646 1552 muneris
675 1511 755 1566 quam
784 1495 907 1549 human-n
935 1493 1096 1549 facultatis:

308 1593 356 1648 sed
368 1606 415 1661 spe
424 1591 481 1659 jam
497 1587 564 1643 salvi
581 1586 642 1641 facti
659 1601 770 1652 sumns;
785 1587 831 1656 qui
845 1594 935 1639 autem
948 1585 973 1638 in
986 1584 1099 1639 Domino

309 1692 409 1755 sperat,
421 1683 517 1736 beatus
529 1688 579 1735 est.

344 1774 382 1829 be
393 1782 490 1829 caetero
503 1762 619 1841 quoque,
633 1770 695 1841 quia
710 1769 847 1825 veneratio
863 1778 907 1825 tua
917 1770 1041 1841 quaedam
1053 1785 1100 1825 ca·

307 1863 394 1935 pilula
406 1863 472 1917 mihi
487 1862 514 1916 in
528 1861 650 1916 chartula
668 1868 733 1914 tunc
745 1860 863 1914 ostendit
875 1861 986 1931 scripta,
1002 1860 1028 1914 in
1043 1861 1100 1930 ‹pri-

309 1956 361 2010 hus
376 1952 515 2025 flagitabas
531 1964 573 2006 me
588 1952 634 2006 tibi
648 1952 810 2022 respondere
823 1952 856 2006 dc
867 1952 909 2008 his
929 1968 988 2022 quae
1001 1952 1098 2007 ibidem

308 2043 517 2100 continebantur
532 2060 539 2094 ι
556 2041 635 2111 relegi
653 2049 782 2110 quantum
797 2040 896 2095 licebat
910 2041 1046 2096 volumina
1060 2041 1099 2096 di·

1150 970 1226 1020 vcns,
1245 956 1430 1029 eleemosynas
1455 959 1566 1028 largiter
1591 952 1854 1036 iurperrdens,hqurs
1876 984 1941 1041 ergo

1151 1045 1233 1099 habet
1252 1047 1378 1102 sacerdos
1398 1057 1560 1117 potestatem
1582 1052 1706 1122 mitigare
1726 1049 1868 1121 judicium.
1888 1059 1940 1125 boi

1151 1144 1241 1190 auteur
1252 1138 1351 1194 mentis
1361 1148 1402 1194 est
1416 1140 1500 1204 dure,
1511 1149 1539 1196 ct
1553 1142 1690 1214 negligens
1703 1153 1746 1199 cst
1762 1147 1796 1201 ad
1808 1151 1939 1218 agendam

1149 1227 1337 1296 poenitentiam
1350 1245 1357 1281 ι
1371 1228 1399 1282 iu
1423 1228 1475 1284 hoe
1491 1231 1601 1285 orunino
1617 1232 1753 1288 decretum
1772 1245 1815 1291 est
1835 1245 1940 1308 ternpus

1150 1317 1324 1371 servandum.

1184 1406 1215 1461 ll.
1229 1407 1266 1462 ile
1286 1406 1433 1463 infantibus
1445 1418 1533 1463 auteur
1549 1412 1594 1480 qui
1616 1414 1714 1467 mortui
1736 1430 1797 1469 euru
1818 1426 1895 1486 pratee
1911 1427 1938 1470 et

1149 1505 1236 1550 matre
1251 1496 1432 1562 inveniuntur,
1446 1507 1473 1552 et
1486 1514 1538 1552 non
1552 1510 1664 1569 apparet
1678 1511 1767 1557 utrum
1784 1504 1820 1559 ab
1835 1506 1875 1560 eis
1890 1522 1937 1576 op-

1148 1601 1260 1656 pressus
1283 1586 1318 1641 sit
1334 1586 1390 1656 ipse
1415 1587 1506 1644 infans
1529 1590 1586 1643 sire
1600 1591 1756 1658 srrlioeatus,
1778 1609 1812 1649 an
1828 1597 1936 1666 propria

1150 1689 1237 1733 rnorte
1263 1677 1404 1733 defunctus
1433 1696 1439 1732 :
1468 1695 1517 1735 nec
1542 1682 1640 1736 debent
1666 1682 1728 1737 inde
1758 1687 1845 1739 securi
1876 1702 1938 1741 esse

1149 1785 1200 1823 nec
1214 1769 1271 1823 sine
1285 1769 1442 1839 prerritentia
1462 1770 1511 1839 ipsi
1529 1782 1665 1840 parentes.
1682 1772 1735 1827 Sed
1758 1784 1847 1830 tamen
1859 1777 1885 1830 in
1896 1778 1937 1831 eis

1149 1858 1331 1914 consideratio
1349 1860 1429 1915 debet
1449 1874 1510 1915 csse
1534 1861 1651 1931 pietatis,
1666 1861 1711 1916 nbi
1736 1880 1787 1918 uon
1801 1865 1935 1931 voluntas,

1149 1950 1197 2005 sed
1214 1960 1335 2013 eventus,
1361 1950 1457 2005 mortis
1479 1966 1560 2005 causa
1584 1951 1644 2005 luit.
1667 1951 1694 2007 Si
1712 1963 1801 2009 autern
1821 1971 1868 2011 eos
1882 1974 1935 2011 nou

1149 2042 1216 2096 latet
1230 2041 1303 2111 ipsos
1317 2040 1375 2109 ejus
1393 2057 1453 2097 esse
1467 2041 1664 2107 interfectores,
1679 2045 1749 2100 scire
1762 2046 1861 2101 debent
1873 2063 1937 2118 gra-

307 2136 432 2190 vinorum
445 2140 680 2198 testamentorum,
697 2142 778 2201 atque
804 2144 961 2188 sanctorum
986 2133 1095 2188 l‘atrum
1112 2123 1256 2189 Bviterse
1270 2133 1423 2203 deliquisse,
1440 2135 1512 2204 quod
1532 2136 1559 2189 in
1583 2136 1726 2207 Ancyrano
1748 2138 1861 2192 concilio
1885 2141 1936 2194 lroe

308 2227 468 2291 sententias,
481 2235 509 2281 et
523 2234 654 2296 quantum
669 2237 776 2295 tempus
788 2225 972 2295 permittebat,
992 2239 1022 2279 ea
1036 2240 1095 2294 quie

308 2317 342 2372 ad
354 2317 405 2371 hoc
416 2315 568 2370 necessaria
579 2313 794 2385 respondendum
807 2322 894 2381 eraut,
910 2314 937 2369 in
948 2329 1030 2370 unurn
1041 2313 1096 2368 ool-

306 2406 434 2478 ligebam.
460 2404 588 2460 Ludoviei
615 2404 687 2461 euim
714 2405 786 2477 regis
813 2405 955 2471 adventus,
979 2403 1051 2473 quod
1069 2411 1096 2458 te

306 2502 378 2558 scire
399 2514 453 2553 non
474 2496 590 2567 ambigo,
615 2496 760 2551 imminens
782 2498 904 2568 urgebat,
928 2504 957 2550 ut
982 2497 1016 2552 ad
1038 2496 1096 2565 ejus

306 2587 506 2662 susceptionem
528 2586 652 2658 occupati
665 2600 798 2641 essemus.
821 2587 875 2641 llec
888 2588 945 2657 jam
960 2585 1036 2640 licuit
1050 2601 1094 2640 se·

309 2677 499 2736 curaelcctioni
515 2678 649 2740 insistere,
663 2676 771 2745 quaudo
792 2676 849 2745 ipse
870 2677 1015 2731 senuimus
1036 2690 1096 2730 sen-

309 2766 429 2825 tiebatin
444 2766 541 2821 multas
556 2775 646 2835 partes
660 2765 785 2821 divisuro.
802 2764 853 2819 Sed
864 2766 926 2834 qnia
941 2765 978 2819 tui
995 2765 1095 2820 amoris

307 2859 398 2916 fervor
408 2874 451 2913 rne
462 2858 508 2912 tibi
522 2871 617 2927 parere
627 2854 860 2928 cogit,muudauis
871 2855 1095 2910 sollicitudinibus

307 2949 477 3019 temperatis,
492 2958 622 3018 errantum
647 2946 779 3018 fragilitas
803 2948 928 3002 humanae
946 2947 1044 3001 urentis
1058 2946 1095 3000 si-

306 3040 400 3102 nebat,
410 3039 578 3108 potissimum
593 3046 644 3092 tuae
654 3038 806 3093 consentire
820 3038 988 3092 decrevimus
1001 3038 1095 3092 volun-

307 3128 368 3182 tart.
384 3128 502 3195 Quorum
518 3127 695 3198 capitulorum
709 3128 767 3182 lraec
781 3126 832 3181 luit
842 3126 937 3183 series.
973 3173 976 3178 .

341 3218 362 3273 l.
375 3218 465 3275 Primo
480 3218 666 3290 interrogabas
679 3218 788 3288 quidde
801 3232 835 3275 eu
852 3216 1006 3273 laciendum
1021 3224 1094 3271 essct

1146 2226 1226 2280 modo
1240 2228 1370 2295 probatur
1383 2225 1459 2298 (Can.
1477 2227 1534 2296 20).
1552 2248 1560 2279 r
1576 2228 1613 2282 De
1630 2227 1789 2285 mrilicribus
1811 2246 1870 2299 quae
1881 2231 1931 2285 for·

1145 2314 1271 2370 uicantur
1283 2324 1311 2371 ct
1321 2325 1416 2385 partus
1429 2331 1492 2371 suos
1504 2326 1612 2382 necant,
1626 2318 1667 2372 vel
1679 2335 1739 2388 quae
1752 2328 1834 2388 agunt
1844 2335 1935 2374 seeum

1145 2413 1262 2461 ututero
1276 2414 1422 2476 conceptus
1443 2408 1618 2462 excutiatur:
1635 2409 1744 2477 antiqua
1763 2409 1870 2478 quidem
1889 2412 1935 2465 de-

1146 2497 1232 2551 hrritio
1247 2512 1332 2569 usqne
1353 2498 1386 2551 ad
1407 2497 1531 2552 ultimum
1543 2499 1604 2553 vita:
1616 2513 1664 2553 eas
1679 2500 1711 2553 ab
1722 2500 1835 2555 eeclesia
1848 2514 1936 2553 rcruu-

1144 2598 1199 2643 vet.
1212 2587 1361 2643 llurnanirrs
1375 2598 1465 2643 autem
1484 2604 1556 2642 nurre
1571 2589 1724 2653 defrrrirrrrrs,
1740 2597 1769 2643 ut
1787 2591 1827 2644 eis
1844 2592 1935 2645 decem

1145 2693 1276 2732 annorum
1300 2687 1405 2748 tempus
1418 2681 1564 2734 secundum
1578 2680 1703 2749 praefixos
1726 2682 1826 2752 gradus
1848 2684 1935 2752 pruni-

1145 2768 1237 2822 tentiae
1247 2766 1403 2838 largiamur.
1422 2789 1431 2820 r
1446 2768 1498 2824 Sed
1508 2769 1551 2824 alii
1566 2771 1645 2825 trium
1661 2787 1792 2827 annorum
1805 2774 1936 2843 preniten-

1146 2856 1211 2911 tiam
1224 2857 1376 2926 hujusmodi
1392 2858 1510 2914 hominis
1520 2861 1680 2916 denuntiant
1693 2877 1753 2917 esse
1762 2863 1870 2927 debere,
1885 2864 1936 2919 lroc

1144 2950 1243 3018 estqui
1264 2948 1393 3004 infantem
1407 2950 1514 3004 incaute
1526 2951 1704 3020 oppresserit,
1717 2966 1831 3021 quorum
1852 2968 1934 3007 unum

1145 3053 1177 3093 ex
1189 3039 1229 3094 eis
1240 3040 1330 3110 exigat
1339 3056 1400 3096 cum
1414 3055 1483 3111 pane
1497 3048 1524 3095 et
1535 3055 1614 3110 aqua,
1629 3042 1817 3098 abstineamus
1829 3044 1864 3100 ab
1874 3058 1935 3099 om·

1145 3128 1172 3182 ni
1185 3128 1292 3183 luxuria
1306 3137 1425 3198 tempore
1437 3129 1605 3199 poeuiteutiue
1618 3146 1683 3185 sure.

1179 3218 1221 3275 lll.
1243 3220 1281 3274 Dc
1303 3234 1336 3275 eo
1352 3234 1417 3274 vero
1439 3220 1484 3290 qui
1500 3219 1606 3275 viduam
1624 3221 1739 3291 proximi
1761 3221 1805 3276 sui
1827 3222 1853 3276 in
1869 3237 1934 3277 con-

307 3310 355 3379 qui
377 3310 513 3365 hominem
525 3308 709 3364 Christianum
729 3307 897 3363 sollicitando
919 3305 1026 3360 furatus
1037 3306 1094 3361 fve·
1140 3315 1245 3387 jugtum
1260 3312 1347 3378 duxit,
1368 3312 1431 3367 illud
1449 3313 1673 3368 considerandum
1691 3322 1743 3378 cst,
1758 3322 1840 3383 quota
1855 3330 1934 3385 gene·

305 3401 354 3463 rit,
369 3407 397 3455 ⁰¹
416 3400 442 3454 3⁰
462 3414 594 3475 illifimffl
616 3409 722 3469 gentem
746 3396 876 3452 ¹l³d0¹¹l¹0
902 3396 1092 3459 iflsslllllffl'llrss
1144 3406 1249 3461 rarione
1272 3403 1328 3475 ipsa
1354 3402 1488 3457 connubia
1515 3402 1588 3457 inter
1604 3402 1768 3475 propinquos
1788 3402 1845 3457 freri
1873 3418 1936 3471 pos·

306 3489 490 3558 quibusdum
510 3488 554 3544 5¹¹³
573 3488 698 3544 Vessdstus
718 3501 859 3544 semele
878 3476 1218 3559 ¹¹⁰¹¹ll⁰S⁸lethsunn
1250 3501 1277 3548 et
1303 3493 1343 3547 sic
1367 3496 1400 3547 de
1430 3501 1546 3563 utroque
1573 3509 1638 3548 sexu
1668 3495 1801 3564 judicium
1829 3511 1935 3565 aequunr

303 3580 380 3649 quod
394 3587 457 3633 tunc
477 3578 524 3633 tibi
544 3577 680 3647 respondi,
700 3577 875 3633 homicidium
890 3578 1093 3648 reatumipsrrm

305 3670 443 3728 bominem
461 3669 512 3727 sibi
525 3669 685 3725 contrahere
709 3666 776 3723 mibi
795 3665 880 3723 videri
905 3665 982 3734 Quod
1000 3677 1027 3720 et
1048 3680 1094 3736 po

303 3770 375 3827 stea,
394 3759 485 3830 legens
504 3758 622 3814 divinam
641 3758 809 3813 sanctionem
829 3757 856 3810 in
871 3756 1091 3820 Deuteronomio,

304 3852 343 3907 ita
357 3850 512 3921 probavisse
524 3848 622 3918 reperi,
634 3863 694 3904 cum
706 3847 846 3904 homicidae
857 3857 884 3902 et
895 3846 946 3902 furi
958 3848 1093 3903 bornincur

304 3940 444 4005 vendenti,
454 3953 547 4010 parem
560 3939 686 3993 vindicte
707 3938 816 3993 modurn
828 3938 1009 4008 imposuisset.
1026 3936 1093 3992 Nam

305 4033 379 4089 sicut
403 4032 438 4086 ibi
454 4031 552 4101 legitur
565 4029 654 4101 (Dour.
669 4028 727 4099 xrs)
744 4047 753 4080 r
771 4028 889 4083 animaru
907 4044 957 4099 pro
974 4029 1062 4083 anima
1081 4048 1091 4080 r

306 4124 469 4180 homicidam
491 4121 589 4177 debere
615 4121 739 4185 reddere,
764 4119 900 4175 roculum
927 4134 977 4190 pro
1003 4119 1092 4185 oculo,

307 4236 318 4267 r
341 4216 447 4271 dentem
461 4229 511 4285 pro
531 4213 622 4277 dente,
640 4227 748 4266 manum
766 4225 815 4281 pro
829 4225 920 4275 manu,
936 4209 1029 4279 pedem
1046 4223 1093 4279 pro

308 4328 318 4359 r
340 4307 424 4377 pede;
446 4305 510 4360 rsic
532 4311 559 4360 et
583 4304 671 4373 ipsum
695 4302 829 4357 homiuem
845 4300 891 4370 qui
911 4298 1095 4370 deprehensns

305 4396 389 4451 fuerit
415 4394 573 4450 sollicitasse
587 4393 696 4448 fratrem
721 4407 800 4446 suurn
821 4390 854 4445 de
874 4388 936 4444 tiliis
961 4388 1054 4453 lsrael,
1067 4396 1095 4442 et

305 4485 458 4542 vendidisse
479 4483 634 4555 accipiendo
658 4479 868 4554 pretium,iubct
889 4479 1050 4543 interlicere,
1067 4486 1095 4533 et

1146 3579 1278 3652 agendum
1294 3597 1300 3632 ε
1316 3578 1380 3648 quia
1401 3578 1445 3631 alii
1471 3580 1549 3633 tertia
1574 3579 1616 3634 vel
1641 3591 1738 3649 quarta
1762 3583 1937 3653 generatione

1146 3672 1196 3727 hoc
1212 3669 1270 3725 fieri
1291 3682 1369 3738 posse
1385 3665 1566 3736 judicabant:
1589 3667 1633 3721 alir
1647 3670 1753 3738 quinta,
1777 3670 1822 3724 alii
1847 3680 1933 3727 serm.

1146 3760 1200 3816 Sed
1219 3760 1283 3814 illud
1297 3759 1333 3813 ibi
1348 3758 1482 3828 precipue
1501 3757 1726 3813 considerandum
1740 3768 1791 3823 cst,
1807 3764 1878 3829 qnod
1893 3761 1936 3817 lex

1145 3849 1235 3905 divina
1250 3848 1311 3902 inde
1326 3847 1474 3917 precipiat,
1495 3862 1577 3917 super
1587 3862 1641 3917 quo
1655 3847 1771 3917 capitulo
1788 3847 1936 3906 llumberto

1144 3941 1271 4011 episcopo
1282 3940 1431 3995 sciscitanti
1443 3937 1499 4008 jam
1514 3939 1711 4009 respondimus.
1722 3938 1805 4011 Cujus
1820 3956 1935 4011 respon-

1145 4034 1229 4088 sionis
1253 4030 1394 4086 formulam
1408 4030 1491 4085 etiam
1511 4044 1582 4085 nune
1601 4030 1648 4084 tibi
1667 4029 1826 4085 direximus.
1851 4031 1935 4086 ilani--

1146 4122 1242 4178 festum
1255 4130 1297 4177 est
1307 4121 1378 4175 enim
1390 4121 1462 4190 quod
1482 4120 1553 4175 sacri
1571 4134 1688 4175 canones
1702 4120 1727 4173 ei
1738 4121 1881 4175 anathema
1892 4122 1935 4176 di·

1145 4219 1222 4275 cunt,
1237 4212 1283 4281 qui
1300 4210 1334 4266 de
1347 4211 1455 4279 propria
1469 4210 1638 4280 cognatione,
1657 4209 1699 4264 vel
1712 4226 1792 4279 quarn
1805 4221 1935 4281 cognatus

1145 4300 1250 4364 babuit,
1265 4300 1372 4355 duxerit
1392 4314 1516 4353 uxorem.
1530 4299 1564 4353 Et
1577 4299 1636 4354 ideo
1651 4299 1687 4354 ibi
1702 4314 1807 4354 sumrna
1818 4309 1859 4356 est
1871 4316 1936 4355 eau-

1146 4391 1199 4446 tela
1213 4390 1335 4446 habenda
1361 4408 1368 4443 :
1398 4405 1431 4444 ne
1446 4389 1515 4445 forte
1539 4406 1590 4461 pro
1616 4390 1711 4446 incesti
1736 4406 1806 4445 nora
1833 4400 1934 4448 aeterua

1145 4480 1286 4536 damnatio
1303 4488 1443 4550 sequatur.

306 4578 343 4630 ita
357 4574 463 4629 auferre
477 4573 575 4628 malum
590 4571 623 4627 de
639 4571 727 4627 uredio
739 4569 830 4641 populi
842 4568 889 4624 lici
903 4568 991 4640 (Dent.
1008 4563 1094 4638 ων).
1180 4568 1225 4625 li.
1246 4567 1282 4624 lle
1293 4583 1327 4623 eo
1345 4576 1435 4629 autern
1455 4568 1528 4638 quod
1548 4568 1744 4638 interrogabas,
1760 4569 1783 4625 si
1805 4578 1883 4638 pater
1905 4578 1931 4624 et

307 4666 385 4723 Unde
408 4664 473 4719 mihi
494 4664 609 4729 videtur,
632 4663 702 4718 sicut
714 4677 764 4731 par
781 4660 913 4716 sententia
933 4660 960 4714 iu
982 4659 1041 4730 lege
1054 4658 1095 4713 di-
1146 4660 1227 4727 lilius,
1250 4660 1292 4716 vel
1307 4660 1330 4717 si
1346 4661 1399 4715 duo
1416 4660 1525 4726 fratres,
1550 4667 1597 4715 aut
1621 4659 1769 4715 avunculus
1790 4669 1818 4715 ct
1839 4675 1933 4730 nepos,

306 4760 369 4813 rina
384 4765 423 4813 est
444 4755 590 4811 constituta
605 4756 638 4810 de
657 4752 792 4808 homicida
822 4760 850 4806 et
875 4752 933 4806 fure
956 4750 1092 4807 hominem
1145 4766 1207 4806 cum
1229 4765 1284 4806 una
1301 4751 1414 4805 muliere
1434 4749 1641 4815 fornicarentur,
1657 4749 1721 4819 quid
1746 4748 1808 4803 iude
1834 4749 1935 4804 facien·

305 4849 449 4914 vendente,
462 4847 501 4902 sic
515 4854 543 4901 ct
557 4846 686 4900 canonica
699 4844 860 4900 auctoritate
871 4842 929 4912 pavi
946 4842 1024 4898 modo
1036 4842 1093 4911 ple·
1108 4831 1209 4897 buum
1231 4850 1304 4898 esset
1319 4859 1326 4896 :
1350 4841 1523 4921 manifestum
1547 4847 1601 4904 est,
1622 4840 1693 4909 quod
1715 4840 1790 4909 gravi
1816 4840 1933 4894 vindicta

306 4937 435 4995 ctendum
450 4950 509 4991 esse
521 4935 567 5004 qui
580 4934 690 4989 iratrem
702 4933 815 4989 furando
828 4941 909 5002 aulue
924 4930 1092 4986 sollicitando
1144 4932 1314 5003 plectendum
1328 4932 1391 4996 erit,
1403 4931 1475 5001 quod
1490 4944 1571 4999 grave
1581 4929 1686 4985 lacinus
1696 4944 1757 4985 esso
1771 4931 1931 5000 reperiatur.

308 5027 468 5090 vendiderit,
476 5032 505 5079 et
515 5025 589 5079 illum
602 5023 647 5093 qui
657 5023 808 5093 proximum
820 5037 897 5077 suum
911 5020 1092 5076 Christianum
1144 5018 1238 5077 Omnis
1252 5020 1323 5073 eninr
1338 5017 1452 5073 oretria
1472 5017 1642 5072 interdicitur
1658 5017 1703 5071 ubi
1718 5018 1848 5088 seriptum
1870 5028 1931 5073 est:

307 5119 444 5176 bominem
457 5115 554 5185 injuste
568 5114 729 5186 peremerit;
750 5122 820 5168 uteo
837 5113 1092 5184 gravius,r1rroeuru
1147 5107 1228 5163 riiou
1241 5106 1430 5162 moechaberis.
1451 5124 1461 5158 r
1488 5107 1594 5173 Quanto
1616 5106 1702 5178 magis
1725 5122 1786 5162 cum
1806 5118 1932 5177 cognata.

308 5210 336 5265 iu
350 5220 482 5278 paganam
497 5212 603 5275 gentem
628 5200 779 5267 tradiderit,
796 5216 845 5257 nee
860 5202 893 5255 dc
918 5200 1016 5254 animae
1038 5214 1093 5254 suae
1144 5199 1188 5255 vel
1202 5212 1263 5252 curn
1277 5196 1405 5269 conjuge,
1420 5194 1463 5250 vel
1484 5195 1633 5250 concubina
1657 5198 1782 5267 coguatit
1796 5197 1867 5264 Quid
1887 5212 1935 5251 au·

309 5303 388 5356 ruina
404 5298 484 5352 nllaru
498 5296 710 5367 compassionem
724 5294 859 5349 habuerit.
872 5292 901 5347 lu
913 5291 1027 5348 concilio
1040 5291 1091 5345 llu-

308 5406 412 5463 eyrauo
425 5390 463 5443 ita
477 5388 607 5459 scriptum
620 5394 663 5442 est
674 5385 751 5458 (Cau.
765 5383 811 5451 21,
822 5383 868 5456 Ὦ)
882 5404 889 5439 :
907 5404 916 5435 r
934 5384 983 5451 Qui
998 5383 1094 5438 volun·

309 5482 380 5538 tarie
393 5478 568 5536 homicidium
587 5476 710 5541 fecerint,
726 5474 891 5546 poeuitentiae
902 5474 1009 5543 quidem
1026 5472 1095 5543 jugi·

310 5586 352 5628 ter
362 5586 391 5626 se
403 5569 572 5633 submittant,
585 5566 776 5638 perfectionem
791 5580 855 5620 vero
869 5564 942 5619 eirca
962 5562 1042 5617 fmern
1056 5563 1095 5615 ri-

310 5673 345 5717 tae
359 5667 568 5728 consequantur.
583 5659 620 5712 be
634 5656 785 5711 homicidiis
796 5671 848 5709 non
861 5663 956 5724 sponte
968 5653 1096 5708 commis-

309 5753 358 5815 sis,
375 5749 450 5819 prior
462 5748 570 5818 quidem
581 5745 701 5802 delinitio
716 5754 774 5815 post
789 5754 945 5816 septennem
959 5744 1094 5815 preniten-

312 5842 378 5898 tiarrr
392 5838 583 5911 perfectionem
596 5837 725 5906 consequi
749 5835 888 5907 praecepit,
903 5834 1020 5890 secunda
1031 5848 1096 5887 vero

309 5928 487 6002 quinquennii
501 5937 606 5998 tempus
617 5926 734 5996 explere.
751 5946 761 5980 r
775 5924 828 5980 Sed
847 5926 873 5980 in
891 5924 1015 5982 erunibus
1025 5924 1094 5994 judi·

309 6022 363 6077 ciis
377 6019 551 6077 temperanda
574 6026 616 6073 est
629 6001 761 6073 sententia
773 6014 850 6086 juxta
873 6014 1049 6069 intentionem
1070 6020 1098 6068 ct

1148 5298 1202 5345 tem
1222 5287 1350 5343 Dominus
1374 5288 1401 5341 in
1425 5286 1484 5357 lege
1507 5287 1535 5340 in
1557 5287 1676 5342 vindicta
1697 5286 1791 5342 talium
1812 5288 1933 5359 jusserit,

1147 5379 1216 5435 liber
1238 5378 1374 5432 Leviticae
1406 5377 1583 5443 demonstrat,
1611 5377 1655 5430 ubi
1681 5378 1718 5432 ita
1744 5380 1872 5447 scripturn
1892 5385 1935 5431 est

1148 5466 1241 5542 (berit.
1254 5466 1299 5538 xx)
1314 5484 1320 5520 :
1338 5486 1347 5518 r
1364 5465 1393 5521 st
1417 5466 1567 5521 nroecbatus
1581 5467 1662 5524 fucrit
1682 5468 1742 5536 quis
1764 5482 1824 5520 curn
1850 5481 1935 5522 uxore

1151 5558 1296 5623 valterius,
1321 5565 1350 5612 et
1367 5556 1529 5611 adulterium
1555 5556 1749 5627 perpetraverit
1773 5569 1834 5608 cum
1866 5571 1933 5610 con-

1149 5649 1236 5720 rjuge
1265 5647 1382 5718 proximi
1403 5647 1464 5701 sui:
1481 5656 1568 5701 morte
1585 5646 1715 5700 moriatur
1727 5652 1755 5698 et
1767 5644 1887 5699 moechus
1907 5655 1934 5699 et

1150 5737 1304 5793 «adultera.
1329 5736 1379 5802 Qui
1392 5736 1531 5791 dormierit
1551 5751 1614 5791 eum
1629 5748 1744 5789 noverca
1767 5748 1824 5796 sua,
1846 5743 1873 5788 et
1891 5749 1934 5788 re-

1150 5849 1160 5883 r
1175 5828 1305 5884 velaverit
1318 5827 1492 5898 ignominiam
1513 5827 1597 5897 patris
1615 5824 1668 5887 sui,
1684 5832 1771 5878 rucrte
1784 5824 1935 5879 moriantur

1151 5943 1160 5975 r
1177 5921 1257 5977 ambo
1275 5940 1285 5992 3
1300 5919 1409 5990 sanguis
1425 5934 1518 5973 eorum
1536 5918 1571 5971 sit
1585 5930 1667 5985 super
1683 5929 1741 5969 eos.
1757 5913 1785 5969 Si
1799 5916 1859 5985 quis
1871 5917 1935 5970 dor·

1152 6009 1270 6065 rmicrit
1293 6022 1354 6063 cum
1377 6022 1446 6062 nuru
1472 6021 1541 6070 sua,
1568 6012 1680 6072 uterquc
1703 6002 1845 6069 moriatur,
1874 6004 1936 6070 quir

1536 6231 1552 6264 “x
