4500 6842
311 642 362 696 ita
765 628 940 686 cubabat.
961 626 993 682 tt
1013 624 1241 680 tudetithhbtt.
1261 655 1296 665 -
1315 624 1380 678 titt
1402 623 1467 678 l'ill.
1547 661 1549 666 -
1876 622 1925 675 ill

310 752 431 811 «iecerit
449 748 629 819 iniquitatem,
644 744 774 805 morietur
794 742 886 797 ineis.
908 740 937 796 ln
957 738 1100 809 iniquitate
1113 741 1137 798 Α
1151 736 1248 806 quibus
1262 736 1392 804 scriptum
1412 742 1471 789 cst:
1488 752 1497 783 i
1514 730 1585 788 Deus
1604 733 1726 788 vivorum
1746 740 1774 786 et
1797 748 1850 786 vion
1863 747 1932 792 rner-

310 858 418 915 ‹qunrn
432 846 560 909 operatus
572 845 616 891 est
634 834 799 890 morietur.»
816 828 949 903 (Dieron.)
967 828 1059 883 Potest
1070 835 1098 881 ct
1150 834 1266 880 tuorum.
1286 843 1296 876 r
1314 823 1368 880 Cur
1391 830 1480 878 vestro
1494 821 1559 876 vitio
1576 820 1738 885 moriemini,
1760 820 1806 889 qui
1827 827 1932 890 patrum

308 929 486 998 hociutelliqi
500 921 817 998 :justuspn'uspopulus
835 918 1097 975 lsraelavertitsea
1149 914 1296 974 interanei
1312 927 1371 966 mea
1390 911 1494 967 debetis
1514 911 1606 966 vivere
1629 909 1824 965 misericordia.
1840 927 1850 961 ι
1865 907 1933 976 Quia

304 1021 411 1093 lustitia
422 1032 481 1082 sua,
503 1015 566 1085 quia
577 1012 688 1084 iustitiae
705 1010 814 1079 reliquit
828 1017 976 1071 auctorem,
995 1015 1022 1061 ει
1033 1006 1098 1060 lecit
1148 1005 1334 1060 malamortem
1345 1003 1505 1075 peccaturis,
1520 1001 1586 1057 dicit
1596 1001 1724 1056 Desinimus
1740 1002 1820 1055 Deus.
1833 1000 1934 1055 Dever-

308 1110 492 1179 iuiquitatem,
508 1104 527 1159 Β
532 1103 606 1158 ilium
618 1101 665 1156 Dei
676 1098 841 1169 denegando,
857 1098 883 1151 in
894 1104 1007 1165 peccato
1017 1104 1098 1164 atque
1150 1095 1245 1159 timini,
1260 1102 1287 1148 ει
1299 1094 1424 1148 viretis·
1441 1091 1517 1155 Nolo,
1538 1091 1635 1161 inquit,
1658 1106 1705 1146 vos
1723 1091 1805 1155 mori,
1817 1106 1885 1159 quos
1906 1090 1933 1144 in

307 1199 411 1256 scelere
430 1196 503 1266 quod
514 1202 640 1263 operatus
653 1199 695 1246 est
708 1189 847 1244 morietur.
859 1185 916 1243 Non
928 1186 954 1240 in
965 1186 1096 1256 pluribus,
1149 1185 1262 1240 salutem
1276 1184 1365 1255 genui.
1381 1201 1391 1234 i
1408 1182 1491 1238 Filios
1503 1192 1591 1237 autem
1606 1183 1685 1253 genui
1699 1192 1727 1236 et
1743 1181 1868 1246 exaltavi,
1883 1181 1933 1250 ipsi

307 1288 355 1346 sed
370 1286 399 1340 iu
414 1299 468 1340 uno
486 1281 619 1339 heredem
642 1277 815 1344 interficiens,
832 1263 1000 1346 ut'perderet
1013 1274 1099 1328 haere·
1148 1285 1238 1330 auteur
1255 1282 1417 1344 spreverunt
1427 1288 1480 1327 me.
1502 1272 1675 1327 Revertitniui
1690 1287 1754 1346 crgo
1773 1281 1801 1326 et
1812 1272 1903 1326 vivite.
1921 1292 1931 1323 t
2009 1267 2013 1273 '

308 1377 433 1434 dimtem
1148 1366 1206 1420 Non
1221 1364 1332 1431 dicitur,
1346 1383 1355 1416 i
1371 1363 1555 1428 licvertimini,
1572 1384 1581 1416 t
1605 1364 1657 1418 nisi
1670 1364 1712 1418 liis
1725 1364 1771 1433 qui
1786 1365 1860 1433 prius
1872 1380 1934 1419 curn

346 1465 404 1519 «Et
417 1477 478 1519 curn
498 1459 628 1516 averterit
650 1472 680 1514 se
701 1454 799 1528 impius
819 1453 855 1510 ah
876 1461 1014 1525 impietate
1038 1467 1098 1519 sua,
1149 1456 1204 1512 Dec
1224 1453 1339 1520 lucrant,
1350 1462 1378 1509 et
1392 1463 1483 1524 postca
1492 1456 1550 1524 ejus
1563 1455 1705 1510 deseruere
1719 1455 1887 1510 comitatum.
1903 1455 1935 1508 lit

310 1570 416 1625 «quarn
437 1559 565 1623 operatus
579 1557 630 1613 εει,
646 1555 674 1604 ει
696 1545 790 1604 lecerit
810 1544 941 1616 judicium
959 1552 1040 1614 atque
1055 1543 1100 1613 ju·
1149 1544 1230 1600 vivite
1243 1559 1291 1613 per
1303 1545 1501 1615 poenitentiarn,
1520 1546 1565 1614 qui
1577 1545 1643 1599 estis
1660 1544 1759 1599 mortni
1778 1560 1828 1615 pcr
1841 1560 1936 1615 pccca-

310 1646 446 1708 ustitiam,
462 1645 519 1716 ipsc
532 1644 649 1698 aniutam
660 1657 737 1696 suam
750 1638 907 1695 vivificabit.
921 1637 1100 1694 considerans
1150 1641 1216 1687 urm.
1230 1633 1311 1704 igitur
1321 1632 1412 1693 lsrael.
1435 1634 1498 1703 quia
1519 1648 1573 1688 raon
1588 1634 1732 1688 revertitur
1745 1635 1779 1689 ad
1791 1636 1934 1705 pristinum

310 1755 321 1789 t
334 1737 407 1792 eninr
421 1736 519 1790 avertit
531 1749 561 1789 se
570 1735 604 1789 alt
617 1732 741 1790 omnihus
755 1730 944 1814 iniquitatibus
954 1730 1021 1794 suis,
1032 1743 1100 1798 quas
1149 1733 1261 1791 statum,
1274 1734 1397 1781 mortuus
1407 1741 1466 1782 esse
1477 1725 1624 1780 credendus
1636 1735 1688 1781 est.

310 1833 461 1896 «operatus
481 1830 533 1886 est,
546 1823 600 1877 vita
614 1823 684 1876 vivet
703 1830 731 1874 et
752 1834 805 1875 non
821 1820 960 1873 morietur.
975 1838 984 1871 r
1000 1817 1100 1873 Econ-
1439 1835 1553 1892 qppuq
1572 1834 1642 1890 m,

308 1914 406 1981 ῑῐθΐῑθι
425 1914 472 1980 ῧῑῐι
497 1911 611 1981 pupulus
634 1909 754 1982 bennum
781 1923 835 1963 ¹¹⁰⁰
853 1908 955 1962 'miens
976 1905 1100 1962 ”mmm
1149 1924 1319 1981 Deleechint
1332 1935 1356 1981 et
1370 1926 1512 1992 dechonie,
1532 1937 1556 1981 et
1569 1926 1625 1997 filio
1640 1926 1762 1982 domiin
1779 1929 1888 1997 captiti;
1902 1930 1935 1983 tle

307 2003 369 2068 Dei,
384 2010 413 2057 et
424 2001 523 2072 impius
532 2000 556 2056 si
568 2015 597 2055 se
611 1999 740 2054 averterit
751 1998 785 2052 ah
796 1998 934 2067 impietate
947 2011 1005 2062 sna,
1018 2011 1098 2065 quam
1221 1997 1338 2067 reliquiis
1351 1996 1446 2057 tndoe.
1459 1998 1528 2066 quod
1542 2014 1593 2051 non
1608 1996 1753 2050 babuerunt
1768 2013 1862 2067 repent.

308 2095 386 2164 prius
399 2102 527 2163 operatus
542 2101 585 2147 est
608 2091 635 2145 in
651 2090 813 2155 idololatria,
827 2097 855 2144 ct
876 2089 970 2145 lecca-it
982 2103 1014 2143 ea
1038 2074 1135 2156 quael!
1186 2102 1196 2135 ι
1218 2083 1252 2139 Ει
1268 2093 1294 2138 tu
1309 2100 1416 2141 assuvtte
1431 2085 1567 2155 planctum
1581 2099 1663 2157 super
1680 2087 1814 2157 principes
1834 2086 1934 2153 lsrael,

306 2183 400 2238 israeli
412 2182 470 2252 lege
482 2190 613 2250 praecepta
636 2177 873 2248 sunt,·ipscp1·ius
895 2185 1017 2232 mortuus
1030 2176 1097 2230 viri·
1151 2194 1161 2227 t
1182 2183 1210 2231 et
1223 2175 1298 2230 dices
1313 2194 1319 2229 :
1332 2175 1422 2242 Quare
1436 2186 1523 2232 ιιιειεε
1538 2185 1582 2233 tua
1598 2178 1681 2232 leena
1698 2178 1768 2233 inter
1780 2177 1871 2235 leones
1888 2198 1934 2236 cu·

307 2273 400 2330 licabit
414 2274 531 2327 animam
553 2287 640 2334 suani,
657 2272 802 2339 vidensque
816 2285 846 2325 se
860 2269 984 2325 interisse
1005 2268 1032 2323 in
1046 2268 1098 2322 ini·
1151 2284 1161 2317 i
1184 2265 1310 2321 havittln
1321 2266 1600 2324 medioleunculorum
1610 2269 1737 2324 enutrivit
1748 2270 1850 2325 catulos
1860 2286 1933 2335 suos,

306 2363 466 2434 quitatibus,
493 2377 560 2432 quas
583 2370 709 2431 operatus
732 2369 783 2424 est,
810 2358 901 2414 credet
922 2359 949 2414 in
975 2374 1036 2413 cum
1051 2359 1096 2429 qni
1150 2379 1159 2411 i
1182 2368 1209 2414 ct
1224 2360 1317 2423 eduxit
1333 2376 1417 2416 unum
1437 2362 1472 2416 dc
1491 2361 1621 2418 leunculis
1635 2362 1702 2417 suis.
1717 2362 1773 2418 Leo
1793 2363 1880 2420 iaetus
1893 2375 1935 2420 cst

307 2453 392 2508 dicit:
408 2470 417 2501 i
431 2451 487 2521 Ego
503 2467 562 2505 sum
575 2450 631 2515 via,
642 2458 669 2505 et
679 2448 779 2505 veritas
797 2458 826 2503 et
837 2449 891 2502 vita
905 2447 994 2519 (luen.
1005 2448 1093 2519 xiv),t
1150 2472 1159 2505 i
1181 2460 1208 2507 ει
1221 2451 1316 2508 didicit
1328 2468 1426 2523 capere
1438 2454 1568 2523 praedam,
1578 2454 1768 2525 hominemque
1780 2455 1932 2511 comedere.

305 2541 365 2596 vita
379 2541 451 2595 vivet
463 2549 491 2595 et
507 2555 560 2594 non
576 2539 716 2595 morietur.
1149 2561 1160 2594 i
1182 2541 1216 2596 Et
1228 2543 1371 2597 andierunt
1382 2544 1415 2598 de
1427 2558 1460 2599 eo
1473 2553 1575 2614 gentes,
1593 2552 1620 2598 et
1631 2559 1684 2599 non
1698 2545 1799 2615 absque
1812 2545 1932 2601 vuhveri-

347 2649 357 2683 v
371 2631 405 2686 Et
418 2631 510 2687 dicunt
522 2631 568 2686 lilii
586 2630 685 2685 lsrael:
700 2629 759 2686 Non
773 2639 814 2687 εει
833 2644 909 2701 etqua
924 2631 967 2685 via
978 2629 1096 2686 Domini.
1150 2651 1159 2682 t
1181 2633 1232 2689 hus
1243 2643 1373 2703 ceperunt
1392 2649 1465 2690 eum.
1480 2634 1514 2689 Et
1526 2635 1694 2691 adduxerunt
1704 2650 1767 2690 eum
1782 2637 1809 2690 in
1830 2637 1934 2693 catenis

309 2739 319 2772 i
332 2718 460 2792 Diraquid
471 2722 521 2777 vim
532 2736 598 2777 nacae
610 2736 664 2776 non
675 2728 738 2776 sunt
751 2735 845 2791 aequm,
858 2722 953 2776 domus
963 2719 1057 2786 lsrael,
1070 2727 1098 2774 et
1150 2738 1158 2768 ι
1184 2719 1209 2774 in
1224 2729 1324 2775 terram
1338 2720 1457 2793 AEgypti.
1472 2721 1536 2789 Quae
1549 2738 1609 2777 curn
1623 2722 1742 2788 vidisset,
1755 2725 1880 2793 quoniam
1892 2725 1933 2780 in·

310 2831 319 2865 r
334 2829 387 2869 non
402 2814 488 2886 magis
500 2814 549 2869 vite
572 2823 668 2869 vestrae
686 2814 814 2884 pravaelr
840 2812 931 2883 Usque
943 2810 1023 2869 bodie
1038 2809 1097 2868 hla-
1151 2831 1160 2864 r
1183 2809 1287 2868 llrmata
1302 2822 1353 2878 cst,
1368 2822 1397 2868 et
1409 2815 1488 2884 periit
1505 2815 1671 2885 exspectatio
1684 2814 1755 2885 ejus,
1771 2816 1832 2872 tulit
1848 2831 1931 2872 unum

306 2901 451 2972 spbemant
464 2902 545 2957 lsrael
564 2903 657 2966 Deum,
678 2918 727 2958 cuv
739 2903 867 2974 populum
884 2918 963 2964 suunt
982 2900 1098 2974 relique·
1150 2918 1159 2952 v
1181 2900 1214 2955 de
1232 2900 1361 2957 leunculis
1375 2902 1441 2957 suis.
1460 2902 1576 2959 Leonem
1589 2902 1748 2968 constituit,
1760 2904 1806 2973 qui
1824 2903 1932 2960 inccde-

305 2991 355 3057 rit,
383 2997 412 3044 ct
438 2992 560 3061 gentium
586 2991 766 3061 adsumpserit
792 2991 1000 3059 multitudinem,
1026 2992 1099 3062 quod
1148 3010 1159 3044 c
1182 2990 1228 3046 hat
1242 2992 1311 3048 inter
1325 2993 1425 3048 leones.
1440 2993 1473 3047 Et
1486 2992 1573 3049 lactus
1588 3002 1630 3048 est
1645 2992 1698 3059 leo,
1714 2994 1807 3048 didicit
1816 2995 1934 3065 praedatu

306 3082 398 3153 arguit
412 3079 551 3148 Dominus,
562 3080 633 3151 quod
648 3081 697 3136 via·
710 3096 803 3136 corum
816 3096 905 3151 pravae
916 3080 979 3145 sint,
991 3076 1099 3138 Domini
1149 3100 1159 3132 a
1182 3096 1288 3154 capere,
1302 3092 1330 3138 ει
1342 3083 1466 3139 bouvines
1477 3083 1617 3140 devorare.
1631 3084 1730 3140 Didicit
1740 3084 1834 3142 viduas
1844 3083 1934 3142 lacere

306 3181 397 3228 antem
409 3171 485 3249 justa
498 3172 641 3235 sententia,
661 3179 689 3226 ut
705 3171 815 3240 perditis
827 3170 929 3226 colonis
950 3170 1097 3240 prioribus,
1150 3191 1158 3223 i
1180 3177 1208 3228 ει
1223 3171 1347 3227 civitates
1359 3186 1451 3227 eornm
1467 3171 1494 3226 in
1509 3172 1643 3228 desertum
1657 3173 1799 3237 adducere,
1815 3184 1842 3228 et
1854 3173 1935 3229 deso-

306 3262 376 3318 alios
388 3263 415 3317 in
428 3263 533 3317 vineam
557 3277 633 3316 suam
655 3262 745 3317 mittat
764 3260 906 3333 agricolas,
924 3260 996 3331 quod
1018 3260 1097 3315 intel·
1150 3281 1159 3313 v
1181 3261 1234 3316 lata
1248 3271 1290 3317 est
1304 3270 1377 3316 terra
1396 3270 1424 3317 ει
1437 3260 1575 3331 plenitudo
1588 3260 1645 3330 ejus
1662 3277 1678 3316 a
1697 3277 1762 3318 voce
1781 3264 1885 3335 rugitus
1900 3265 1934 3318 it-

305 3352 455 3424 iigcntesin
466 3352 601 3421 Evatvpelii
612 3350 737 3421 parabola
748 3351 840 3407 dixere
849 3349 944 3416 iudaei,
956 3370 965 3401 v
977 3350 1034 3405 Non
1045 3352 1096 3406 crit
1151 3371 1160 3404 v
1183 3353 1245 3417 iius,
1256 3362 1438 3408 convenerunt
1448 3353 1577 3408 adversus
1590 3367 1651 3407 eum
1665 3361 1759 3424 gentes
1773 3354 1890 3424 undiquc
1902 3355 1935 3409 de

303 3440 386 3496 istud.
406 3460 415 3492 v
1109 3415 1132 3477 C
1152 3463 1162 3496 r
1184 3444 1339 3514 provinciis.
1352 3443 1386 3504 Et
1399 3442 1585 3515 expanderunt
1599 3457 1680 3513 super
1693 3458 1755 3498 euvn
1770 3453 1827 3500 rcte
1839 3460 1933 3510 suum,

344 3548 353 3580 i
368 3529 471 3585 idcirco
482 3544 699 3600 unumquemque
717 3530 794 3600 juxta
816 3529 874 3584 vias
887 3528 1094 3598 suasjudicaho,
1152 3550 1162 3584 v
1184 3541 1212 3589 ει
1224 3533 1380 3589 vulneribus
1392 3548 1485 3587 carum
1498 3540 1592 3602 captus
1606 3540 1661 3593 εει,
1679 3540 1708 3586 ει
1726 3533 1858 3588 miserunt
1871 3549 1933 3598 epm

307 3619 528 3686 ‹domnstsraet
538 3621 575 3675 ait
591 3620 719 3675 Dominus
732 3619 832 3675 Deus.»
850 3618 913 3675 Sive
929 3620 963 3675 de
975 3622 1094 3691 gentium
1150 3643 1160 3675 i
1183 3624 1210 3679 in
1225 3638 1347 3687 caveam,
1362 3624 1389 3678 in
1404 3623 1509 3678 catenis
1525 3621 1694 3677 adduxerunt
1711 3637 1772 3677 eum
1788 3627 1821 3677 ad
1843 3640 1931 3696 regern

305 3712 488 3779 multitudine,
512 3714 568 3768 sive
592 3711 625 3767 de
649 3711 731 3767 lsrael
749 3711 846 3783 populo
868 3697 932 3779 sint,
958 3713 1002 3782 qui
1024 3712 1097 3783 judi-
1151 3732 1161 3765 i
1181 3711 1332 3783 Babylonis,
1345 3713 1528 3781 miseruntque
1548 3726 1609 3766 curn
1629 3711 1656 3765 in
1674 3726 1827 3779 carcerem,
1844 3730 1877 3768 ne
1891 3731 1936 3769 an-

303 3812 405 3860 cantur
415 3821 443 3857 :i
457 3803 514 3858 Non
525 3814 565 3858 est
575 3818 750 3874 personarum
763 3803 883 3872 acceptio
893 3801 962 3872 apud
974 3802 1069 3867 Deum,
1084 3821 1093 3853 r
1151 3821 1160 3855 r
1181 3804 1283 3859 direlur
1296 3817 1349 3857 vox
1363 3800 1421 3870 ejns
1433 3801 1502 3857 ultra
1518 3805 1599 3872 'super
1612 3808 1719 3856 montes
1736 3801 1835 3869 lsrael,
1849 3814 1903 3859 etc.
1922 3825 1931 3856 r

306 3893 355 3949 secl
373 3894 558 3965 unusquisque
579 3909 627 3949 sua
647 3894 820 3950 coronabitur
834 3894 895 3959 lide,
917 3901 944 3949 ct
959 3893 1096 3964 impietate
1148 3892 1208 3966 (il.)
1226 3891 1351 3947 Dicemus
1365 3892 1521 3962 captivitate
1534 3891 1622 3947 vicina
1636 3894 1795 3963 prophetam
1813 3904 1933 3948 nontam

304 3993 389 4057 atque
404 3982 561 4039 indoeiitatc
576 3983 756 4040 danrvtahitur.
1150 3980 1237 4036 lutura
1260 3980 1416 4047 vaticinari,
1447 3995 1527 4050 quam
1553 3997 1665 4037 narrare
1699 3982 1845 4051 praeterita.
1871 3982 1936 4039 Dost

343 4094 352 4125 r
369 4073 562 4128 convertimini
576 4083 604 4130 et
625 4073 696 4145 agite
711 4073 896 4144 poenitcntiarn
920 4074 953 4129 ab
971 4073 1095 4130 omnihus
1147 4079 1252 4127 sextum
1265 4072 1335 4126 caint
1349 4070 1467 4127 Sedecim
1488 4071 1557 4142 regis
1569 4087 1679 4138 aunum,
1692 4072 1823 4141 siquidem
1843 4075 1933 4129 statim

306 4164 520 4234 «iniquitatibus
534 4166 641 4231 vestris,
656 4174 684 4219 et
701 4181 755 4221 non
777 4166 830 4220 erit
849 4165 927 4222 vohis
948 4166 977 4222 in
989 4168 1094 4222 ruinam
1147 4164 1414 4234 inconsequentibus
1427 4164 1539 4236 legimus
1555 4184 1561 4219 :
1578 4165 1631 4220 ‹Et
1645 4165 1746 4223 lactum
1757 4176 1808 4234 εει,
1821 4169 1847 4224 in
1860 4185 1931 4225 arrato

307 4258 475 4329 «iniquitas.
491 4256 616 4328 Projicite
631 4277 646 4314 a
663 4260 739 4315 vohis
756 4276 850 4317 omncs
861 4259 1095 4332 prevaricationes
1146 4256 1261 4326 septimo
1273 4257 1300 4312 in
1313 4256 1407 4326 quinto
1419 4272 1520 4323 mense,
1537 4255 1641 4314 declina
1659 4260 1769 4326 mensis,
1785 4265 1932 4318 assuuntur

307 4359 439 4406 «vestras
453 4350 481 4404 in
505 4350 602 4420 quihus
623 4351 791 4421 praevaricati
814 4351 911 4406 estha
934 4349 1047 4420 Proprie
1061 4351 1095 4405 ad
1146 4345 1268 4416 planctus
1283 4359 1363 4415 super
1381 4345 1515 4416 principes
1534 4346 1576 4402 vel
1596 4348 1743 4419 principem
1761 4350 1852 4406 lsrael.
1872 4373 1881 4405 r
1899 4353 1934 4407 Et

304 4439 389 4496 lsrael
404 4441 454 4494 istc
467 4456 556 4496 sermo
568 4440 702 4512 dirigitur,
715 4449 745 4495 ut
759 4450 840 4511 agant
857 4441 1053 4511 poenitentiam,
1068 4450 1095 4496 ct
1146 4433 1263 4490 dicitur:
1283 4451 1292 4483 i
1308 4436 1396 4501 Quare
1408 4445 1495 4490 mater
1508 4443 1553 4490 tua
1564 4436 1646 4491 lemna
1662 4436 1732 4492 inter
1744 4437 1836 4495 leones
1850 4441 1932 4495 euba-

305 4529 462 4599 relinquant
489 4531 646 4601 iniquitates
674 4531 731 4586 sive
757 4532 994 4602 praevaricationes
1019 4548 1092 4597 suas,
1145 4523 1203 4578 vll?
1221 4543 1231 4576 ι
1247 4522 1373 4578 Plancius
1398 4523 1480 4595 igilur
1500 4539 1581 4596 super
1600 4526 1736 4596 principes
1758 4536 1814 4591 est,
1839 4544 1934 4585 ontvves
2011 4604 2014 4609 .

304 4619 405 4688 quihus
416 4618 443 4672 in
455 4619 539 4673 Deuvn
562 4620 729 4689 praevaricati
749 4632 820 4676 sunt.
842 4621 934 4677 Potest
955 4630 1045 4677 autem
1067 4629 1095 4677 et
1145 4611 1287 4681 Videllffll,
1303 4615 1348 4686 <lul
1365 4613 1398 4668 ‘1⁰
1411 4614 1492 4670 1⁰⁵1ae
1505 4616 1590 4686 stirpe
1610 4618 1731 4685 generati
1753 4628 1826 4674 sunt.
1849 4620 1933 4678 nater

304 4712 339 4765 ad
353 4716 497 4781 utrumqne
518 4712 643 4781 populum
663 4712 786 4784 intelligi,
807 4722 837 4767 ut
850 4714 970 4770 etlsrael
988 4723 1092 4784 engen.
1145 4705 1299 4777 principum
1322 4704 1471 4762 ierusalem
1492 4706 1575 4762 leaena
1598 4707 1762 4777 appellatum
1776 4725 1836 4779 quae
1855 4711 1932 4769 leun·

304 4797 374 4851 tien
400 4798 477 4851 turba
501 4813 548 4853 sua
575 4801 638 4853 vitia
664 4800 851 4871 derelinquens
875 4811 1048 4858 convertatur
1061 4803 1095 4860 ad
1146 4796 1222 4852 culos
1235 4798 1326 4869 genuit
1341 4806 1368 4851 ει
1381 4797 1505 4859 nutrivit,
1518 4811 1655 4867 utrumque
1670 4799 1703 4853 de
1726 4798 1856 4857 leunculis
1876 4804 1932 4858 suis

303 4905 366 4946 eum
379 4890 423 4959 qui
438 4892 522 4962 possit
534 4908 630 4949 sanare
643 4894 818 4950 contritiones
828 4895 895 4965 ejus.
1148 4887 1248 4945 eduxit.
1263 4887 1318 4942 vlit
1328 4888 1392 4942 lecit
1402 4887 1537 4953 leonem»
1554 4886 1667 4943 bechez
1683 4889 1838 4963 significans
1849 4893 1931 4950 lilium

342 4980 402 5034 «Et
413 4980 492 5036 lacite
508 4983 584 5035 vobis
598 4997 646 5037 cor
656 4997 755 5036 novuvn
771 4991 799 5037 et
818 4982 941 5052 spiritum
957 4999 1065 5039 novum.
1082 5004 1091 5037 r
1145 4978 1241 5045 losiae,
1257 4994 1336 5049 quein
1350 4978 1456 5034 Neehao
1475 4978 1581 5037 Pharao
1594 4982 1670 5038 duxit
1685 4983 1712 5037 in
1727 4983 1889 5058 AEqyptum,
1905 4999 1934 5045 et

304 5071 342 5129 Ut
356 5079 516 5126 vetustatem
536 5071 632 5127 litterae
653 5070 818 5136 deserentes,
833 5073 928 5126 vivatis
940 5073 966 5127 in
977 5074 1095 5130 novitate
1146 5089 1195 5143 pro
1218 5088 1251 5129 eo
1272 5072 1411 5129 constituit
1429 5070 1563 5128 loachivn.
1583 5073 1642 5140 Quo
1663 5084 1769 5132 mortuo
1789 5076 1933 5141 lechonias

303 5161 427 5232 spiritus.
452 5161 505 5217 Cor
531 5178 629 5218 novum
655 5163 762 5218 israelis
784 5171 827 5218 est
849 5164 960 5220 credere
981 5166 1009 5221 in
1032 5182 1094 5223 eum
1147 5163 1218 5220 illius
1232 5163 1289 5233 ejus
1302 5178 1350 5219 rex
1359 5163 1540 5229 constituitur,
1551 5178 1613 5221 curn
1625 5174 1712 5222 matre
1720 5175 1747 5223 et
1757 5168 1932 5238 optimatibus

303 5267 386 5323 quem
399 5252 474 5321 prius
485 5262 638 5323 negaverat.
653 5252 813 5309 Carnorum
825 5256 956 5324 gentium,
971 5266 1012 5313 est
1021 5257 1092 5316 idola
1144 5254 1262 5309 civitatis
1271 5269 1286 5307 a
1295 5252 1541 5309 Nabuchodonosor
1555 5253 1652 5310 ductus
1665 5264 1707 5311 est
1718 5256 1744 5311 in
1755 5255 1931 5330 Babylonem.

304 5342 503 5413 derelinquere,
514 5352 725 5409 et,nrortu0runv
738 5343 843 5399 cultura
855 5353 1017 5419 contempta,
1031 5364 1092 5404 crc-
1145 5345 1183 5401 De
1197 5359 1251 5415 quo
1261 5343 1382 5399 nascitur
1396 5340 1526 5399 Salatbiel
1536 5354 1613 5414 pater
1624 5345 1781 5412 zorobabet,
1793 5350 1840 5418 qui
1850 5364 1883 5406 ex
1898 5365 1931 5406 eo

304 5433 368 5488 deve
379 5433 406 5487 in
422 5448 493 5498 curn,
509 5436 553 5503 qui
565 5442 607 5489 est
628 5437 682 5489 vita
701 5437 877 5491 vibentium«
894 5437 928 5491 Et
941 5453 1025 5508 qnare
1037 5454 1095 5493 mo-
1145 5436 1217 5509 quod
1230 5438 1257 5492 iu
1271 5435 1407 5508 Dahplnne
1420 5443 1502 5492 natus
1519 5444 1570 5501 εει,
1588 5452 1685 5492 nomen
1696 5439 1809 5509 accepit.
1826 5437 1931 5512 Perspi-

304 5524 423 5589 rieinini,
436 5525 531 5579 dovnvrs
545 5524 664 5580 israeli»
686 5525 781 5583 ilelius
803 5535 855 5594 εει,
879 5535 908 5583 ut
931 5543 1012 5599 supra
1028 5530 1096 5584 diri·
1146 5541 1281 5598 cuuvnque
1293 5538 1334 5583 est
1354 5527 1404 5582 suh
1416 5526 1546 5604 μετεφόρεε
1561 5526 1652 5584 leaevtae
1664 5536 1692 5584 et
1705 5528 1889 5586 leunculorum
1904 5542 1932 5586 ct

304 5631 375 5679 natvs,
401 5614 616 5688 exhortationem
641 5619 720 5683 hanc,
746 5618 773 5673 in
797 5633 849 5689 qua
875 5619 1006 5691 scriptum
1027 5629 1090 5677 est:
1148 5620 1243 5686 leonis,
1259 5634 1420 5689 rursuutque
1435 5616 1547 5675 alterius
1561 5620 1658 5688 leonis,
1679 5619 1724 5674 illa
1737 5620 1852 5685 describi
1872 5635 1932 5691 que

307 5725 317 5757 i
333 5705 530 5762 convertimini
553 5715 579 5761 ct
602 5709 673 5778 agite
696 5710 912 5779 poenitcutiam,r
930 5725 1011 5780 super
1032 5726 1094 5781 per·
1147 5726 1180 5766 eo
1193 5718 1312 5779 tempure
1321 5706 1378 5776 jam
1390 5706 1461 5763 iacta
1474 5716 1562 5773 erant,
1576 5723 1630 5778 quo
1642 5708 1701 5763 baec
1715 5708 1845 5778 propheta
1859 5706 1932 5762 dice-

305 5816 372 5856 sona
402 5800 524 5869 accipere
543 5798 704 5865 iudaeorum,
726 5817 793 5871 qvvos
812 5816 864 5855 non
889 5802 944 5855 vult
963 5802 1041 5865 vnori,
1067 5810 1094 5857 ει
1147 5798 1202 5854 hat.
1229 5795 1375 5867 Postquain
1401 5796 1472 5851 enirn
1495 5795 1646 5852 Jerusalem
1674 5795 1767 5850 eduxit
1791 5795 1824 5850 de
1848 5793 1932 5866 stirpe

305 5896 406 5964 quihus
416 5909 487 5949 nunc
501 5894 636 5964 loquitur:
652 5914 661 5944 ι
675 5895 764 5961 Quave
777 5895 940 5957 moriemini,
951 5894 1047 5949 domus
1056 5893 1093 5949 is·
1148 5893 1221 5965 vegia
1236 5891 1353 5948 loachaz
1374 5892 1456 5947 lilium
1469 5890 1560 5959 iosiae,
1575 5900 1601 5948 ει
1616 5889 1754 5947 constituit
1778 5890 1804 5945 ln
1822 5904 1931 5961 repent,

306 5984 372 6051 rael,
385 6004 395 6037 a
406 5984 452 6055 qni
465 5984 668 6053 hahetispatres
679 5985 824 6052 Abraham,
836 5984 908 6039 isaac
920 5993 947 6041 et
957 5982 1049 6050 Jacob,
1062 5984 1094 6040 de
1150 5998 1204 6042 tam
1215 5985 1329 6042 crudelis
1345 5984 1371 6040 in
1382 5985 1457 6041 brevi
1472 5984 1576 6040 exstitit
1585 5991 1716 6052 ternpore.
1728 5990 1758 6037 ut
1767 5978 1932 6054 tropologice

447 6075 572 6136 Pernen
607 6077 673 6137 (tx.
1635 6071 1675 6133 23

1943 671 1958 714 t*
