4500 6842
300 644 357 701 505

780 640 959 697 cutttttta't.
980 641 1012 696 ld
1034 640 1262 696 ettictttt'tett.
1283 672 1315 679 -
1334 640 1396 694 [ιιι.
1419 641 1439 695 Ι.

1560 575 1594 646 ᾖ
1886 641 1937 697 aaa

305 761 330 813 id
347 767 403 820 est,
425 756 458 811 de
473 755 561 809 medio
576 752 730 826 iguissspsc
744 755 815 808 euim
831 756 933 825 angelis
951 766 1031 825 atque
1046 771 1089 808 ar·
1109 763 1128 814 Α
1145 756 1255 810 dicens:
1271 775 1279 807 r
1295 754 1397 811 Nobilis
1411 757 1437 809 in
1452 756 1538 825 portis
1551 756 1591 811 vir
1604 755 1672 825 ejuS,
1685 772 1745 813 etun
1761 756 1862 811 sederit
1876 773 1936 812 cunr

304 849 444 920 cbangclis
459 847 639 914 aturribusque
654 846 797 899 uirtutibus
816 847 963 914 praesidens
983 847 1095 901 liederu-

303 954 367 1015 ptur
385 952 478 996 noster
498 941 543 1010 qui
559 941 633 995 relat
656 941 682 993 iu
697 941 789 995 electri
806 941 1007 995 similitudinem
1028 957 1097 996 unus

303 1052 337 1091 er
354 1046 468 1103 utraque
482 1041 578 1087 natura
592 1041 620 1086 et
635 1033 704 1086 lteris
719 1033 868 1102 peramisit
891 1033 916 1085 in
931 1041 1007 1100 patre
1021 1041 1048 1086 et
1063 1034 1095 1086 nd

305 1127 516 1196 redemptionem
540 1134 660 1178 nostram
677 1124 764 1201 iactus
778 1135 820 1179 cst
836 1123 958 1178 mortalis
972 1142 1032 1178 enm
1049 1127 1097 1179 ιιο-

303 1218 442 1273 minibus:
460 1216 485 1268 in
506 1229 555 1268 sno
576 1222 639 1270 tuuc
659 1223 763 1269 terrore
777 1215 920 1279 ridebitur,
936 1217 1013 1284 eique
1028 1217 1097 1287 ignis

303 1306 396 1379 judicii
422 1306 448 1359 iu
475 1302 650 1373 reproborum
676 1304 794 1358 vindicta
820 1303 1002 1358 famulabitur.
1029 1305 1097 1361 liiue

303 1399 377 1453 enim
393 1395 598 1463 scriptumest:
617 1394 678 1447 Dies
691 1393 798 1448 uariunt
814 1394 975 1457 declarabit,
991 1396 1052 1463 qnia
1070 1396 1096 1448 in

304 1487 367 1558 igne
392 1483 555 1539 revelabitur
569 1481 594 1555 (t
615 1482 675 1535 Cor.
697 1482 751 1553 ιιι).
779 1483 846 1537 ιιιιιο
870 1484 1012 1538 Psalmista
1037 1485 1096 1537 ait:

308 1595 316 1625 ι
333 1576 405 1628 Deus
417 1572 577 1627 tiraniiestus
589 1573 688 1634 reniet,
702 1574 773 1627 Deus
786 1583 878 1627 noster
891 1584 917 1628 et
932 1588 984 1628 uon
998 1574 1097 1629 silebit.

304 1664 378 1735 iguis
393 1664 419 1716 in
434 1673 578 1732 conspectu
593 1663 651 1732 ejus
665 1662 787 1727 ardebit,
812 1671 839 1716 et
861 1664 887 1717 in
910 1664 1023 1718 circuitu
1041 1664 1099 1733 ejus

305 1764 456 1827 tempesias
468 1754 555 1808 ualida
571 1751 655 1824 (Paul.
671 1756 754 1821 ιιιιι).
772 1776 781 1807 ι
801 1755 869 1809 ιιιιιο
884 1756 979 1810 Petrus
991 1767 1099 1825 apeste

305 1845 349 1899 ins
363 1844 429 1898 dicit
441 1862 448 1897 ε
459 1863 468 1894 t
479 1843 611 1916 Adueniet
625 1844 681 1899 dies
696 1847 800 1899 Domini
816 1857 844 1900 ut
861 1847 912 1909 sur,
929 1848 955 1900 iu
970 1864 1022 1916 quo
1036 1848 1097 1902 eceli

305 1951 406 2006 magno
419 1921 692 2004 tmpetn'iransituoa
703 1937 835 1992 eletueuta
846 1955 910 1994 reru
923 1941 991 2010 ignis
1002 1941 1099 1995 ardore

307 2028 448 2082 salsentur
461 2025 504 2098 (tt
518 2024 590 2081 Petr.
605 2027 656 2100 ιιι).
674 2049 682 2080 ι

1147 848 1316 902 senatoribus
1329 847 1504 918 ternn(Prnr.
1516 850 1601 920 taxi).
1615 869 1623 900 ι
1642 848 1707 915 eris
1721 849 1771 902 bue
1786 847 1843 900 loro
1858 849 1939 901 boum

1146 937 1319 1000 describitur,
1331 938 1381 991 nid
1396 938 1438 992 tlte
1451 939 1484 992 dc
1497 954 1551 1007 quo
1564 940 1692 1008 scriptum
1706 950 1767 994 est:
1785 959 1793 990 r
1812 938 1861 1005 Qui
1875 956 1936 994 cunt

1147 1030 1174 1083 in
1190 1028 1275 1085 torma
1292 1030 1337 1084 Dei
1354 1042 1441 1095 esset,
1457 1047 1509 1085 non
1525 1033 1645 1102 rapinam
1661 1032 1809 1086 arbitratus
1822 1042 1864 1088 cst
1877 1047 1939 1089 esse

1148 1137 1177 1175 se
1190 1121 1319 1190 aqualem
1334 1120 1399 1185 Deo,
1408 1123 1454 1175 sed
1467 1123 1639 1191 semetipsum
1650 1121 1809 1186 cailtauirit,
1822 1120 1936 1176 trimmm

1147 1211 1218 1263 serri
1234 1211 1380 1280 accipiens,
1401 1211 1427 1263 in
1447 1211 1623 1265 similitudine
1638 1212 1777 1267 bominum
1794 1212 1890 1277 inclite,
1910 1222 1937 1267 ct

1148 1304 1241 1357 habitu
1262 1303 1388 1356 inventus
1407 1312 1436 1356 ut
1452 1304 1532 1356 borno
1547 1304 1656 1374 (rtutrp.
1672 1305 1713 1375 ιι).
1729 1325 1738 1357 ι
1767 1306 1828 1360 llaec
1846 1306 1937 1374 itaque

1148 1396 1274 1450 animalia
1290 1406 1322 1450 ut
1332 1412 1442 1466 surgere
1460 1396 1491 1449 ad
1506 1397 1659 1451 sanctitatis
1674 1398 1800 1451 virtutem
1814 1398 1936 1459 ualeant,

1148 1490 1181 1543 ad
1206 1490 1286 1559 hujus
1310 1490 1427 1543 bominis
1452 1488 1655 1542 similitudinem
1681 1489 1804 1543 tendunt.
1838 1489 1937 1542 Sancta

1148 1594 1171 1633 e.
1185 1581 1222 1634 im
1236 1595 1287 1633 non
1302 1589 1401 1643 essent,
1415 1579 1437 1633 si
1453 1577 1530 1645 lrtijus
1543 1578 1660 1634 hominis
1671 1577 1872 1632 similitudinem
1884 1592 1937 1630 ιιοιι

1149 1675 1289 1729 baberent.
1319 1672 1454 1742 Quidquid
1479 1673 1506 1726 in
1528 1673 1568 1726 eis
1591 1672 1625 1726 de
1645 1672 1794 1725 visceribus
1817 1669 1936 1739 pietatis,

1149 1765 1278 1835 quitquid
1293 1764 1326 1819 de
1339 1763 1545 1817 mansuetudine
1559 1763 1679 1831 spiritus,
1692 1761 1821 1831 quidquid
1833 1762 1866 1815 de
1880 1760 1938 1814 zelo

1151 1855 1330 1918 rectitudinis
1348 1854 1478 1923 quidquid
1493 1854 1526 1907 de
1540 1854 1662 1909 custodia
1677 1851 1845 1914 bunrilitatis,
1860 1850 1938 1919 quid-

1149 1946 1213 2015 quid
1235 1946 1267 1998 de
1285 1943 1391 1998 serrare
1410 1943 1551 1998 clamitatis
1564 1951 1625 2006 est,
1651 1943 1703 1996 boe
1728 1942 1761 1996 ab
1787 1942 1844 2011 ipso
1866 1940 1939 1994 tonte

1151 2037 1352 2102 misericordie,
1369 2037 1402 2090 ab
1418 2038 1474 2105 ipsa
1489 2036 1580 2091 radice
1594 2035 1816 2096 mansuetudinis.
1833 2034 1937 2102 abipsa

346 2138 355 2168 ι
374 2119 407 2172 Et
420 2119 447 2172 in
462 2119 551 2172 medio
565 2118 624 2188 ejus
638 2120 785 2174 similitudo
800 2132 917 2191 quatum
930 2124 1095 2178 animalium.
1112 2119 1136 2179 B
1149 2129 1249 2183 virtute
1260 2128 1381 2198 justitian,
1396 2128 1422 2182 id
1437 2136 1488 2193 est,
1504 2145 1519 2182 a
1535 2127 1681 2181 mediatore
1696 2128 1742 2181 Dei
1755 2134 1783 2181 et
1797 2126 1935 2181 bominum

310 2231 319 2261 ι
338 2212 372 2265 Et
383 2211 429 2265 bie
443 2218 567 2280 aspectus
581 2226 686 2265 eorum.
703 2212 858 2266 Similitudo
873 2215 991 2269 bominis
1006 2215 1032 2268 in
1047 2216 1097 2269 eis.

308 2299 445 2374 (Hieron.)
474 2300 527 2355 rin
552 2302 641 2358 medin
662 2300 730 2370 ejus.
750 2323 759 2355 ι
786 2302 952 2358 Subauditm
970 2304 1098 2374 quidem,

307 2392 408 2457 electri,
423 2392 470 2446 sed
486 2390 581 2445 melius
595 2392 666 2445 ιιιιιιο
683 2393 770 2461 iguem
787 2394 961 2465 intelligimus
977 2395 1022 2465 qui
1036 2410 1097 2450 ere-

307 2484 436 2538 dentibus
449 2483 548 2548 lumen,
567 2483 712 2539 incredulis
729 2486 888 2556 supplitium
901 2496 952 2541 est.
976 2487 1003 2541 ln
1020 2486 1101 2557 hujus

307 2588 374 2643 ergo
388 2572 458 2641 iguis
471 2573 560 2627 medio
570 2583 629 2628 enat
640 2574 785 2629 similitudo
800 2587 916 2645 quatuor
929 2577 1096 2642 animalium,

308 2663 461 2717 sinulitudn
474 2679 527 2717 non
544 2672 656 2728 natura,
682 2677 852 2734 quatuorque
866 2667 1023 2720 animalium
1040 2683 1100 2735 quae

307 2765 403 2825 postea
428 2754 555 2808 dicuutur
571 2753 785 2823 quadriformia,
812 2772 864 2809 rma
889 2756 1036 2810 similitudo
1060 2765 1101 2812 est

308 2847 440 2912 horniuis,
466 2856 496 2901 ut
518 2846 609 2901 ornnia
633 2847 661 2900 in
683 2849 782 2901 mundo
803 2846 972 2901 rationabilia
988 2847 1101 2901 demon·

308 2950 453 2995 errentur:
469 2957 477 2991 ι
493 2938 637 2994 Faciamus
652 2940 723 2994 enirn
746 2940 881 2994 linurinenr
903 2939 936 2993 ad
959 2940 1100 3009 imaginem

308 3040 338 3086 et
352 3031 555 3086 similitudinem
571 3041 690 3093 nostram
702 3030 778 3099 (Gen.
794 3031 824 3099 ι).
843 3052 851 3082 ι
868 3031 958 3102 imago
971 3040 1060 3086 autem
1075 3040 1102 3087 et

309 3128 461 3185 similitudo
474 3127 521 3184 Dei
536 3143 590 3182 non
604 3136 646 3182 est
657 3128 779 3196 corporis
798 3125 900 3192 sonna,
924 3124 969 3181 sed
992 3126 1100 3191 mentis,

309 3223 449 3291 descripta
475 3223 508 3276 ad
527 3221 731 3275 similitudinem
753 3236 822 3274 rere
843 3219 968 3289 imaginis
981 3218 1101 3285 Christi,

309 3313 358 3382 qui
372 3321 414 3367 est
428 3312 516 3381 imago
529 3309 577 3367 Dei
592 3310 744 3364 invisibilis.
761 3308 824 3363 llzec
835 3308 984 3388 rationales
998 3319 1102 3364 nature

308 3402 339 3458 in
351 3410 468 3470 quatum
477 3409 619 3455 versantur
630 3400 705 3454 loeis.
721 3398 783 3453 Sive
796 3408 906 3468 propter
918 3408 1032 3468 quatuor
1043 3414 1102 3453 car·

1150 2219 1206 2275 Deo
1219 2220 1332 2275 Domino
1347 2228 1496 2275 traxerunt.
1524 2219 1608 2289 liujus
1624 2218 1742 2272 lutntinis
1763 2234 1793 2272 se
1811 2217 1937 2272 similitu·

1150 2310 1240 2365 dinem
1254 2310 1362 2374 babere,
1377 2309 1501 2378 egregius
1515 2308 1676 2377 predicator
1690 2306 1809 2360 ostendit
1823 2306 1916 2360 «licens
1931 2322 1937 2357 ε

1153 2418 1163 2452 r
1179 2399 1331 2454 imitatores
1346 2398 1397 2452 mei
1413 2406 1514 2460 estote,
1530 2397 1601 2451 sicut
1615 2404 1642 2451 et
1656 2411 1706 2467 ego
1719 2394 1821 2450 Clnisti
1837 2392 1862 2465 (l
1876 2392 1937 2447 Cor.

1152 2491 1201 2562 tr).
1220 2510 1229 2542 ι
1257 2489 1298 2542 ad
1316 2488 1375 2558 ejus
1389 2503 1439 2542 nos
1453 2488 1657 2542 similitudinem
1672 2500 1798 2557 surgere,
1813 2486 1940 2537 admonet

1150 2596 1212 2637 eum
1224 2580 1306 2634 dicit:
1325 2600 1332 2631 ι
1349 2580 1455 2633 Primus
1467 2579 1548 2632 bnnm
1563 2580 1595 2633 de
1609 2587 1681 2632 terra
1696 2586 1830 2641 terrenus,
1842 2592 1938 2631 secun-

1152 2671 1201 2725 dus
1216 2670 1296 2723 bomo
1311 2670 1343 2722 de
1358 2671 1426 2723 curlo
1442 2669 1569 2724 eoelrrstis.
1597 2668 1674 2724 Sicut
1689 2669 1855 2737 portavimus
1870 2667 1938 2721 inra-

1151 2760 1240 2831 ginem
1258 2759 1377 2821 terreni,
1400 2772 1538 2829 portetnus
1552 2768 1579 2814 et
1595 2760 1738 2828 imaginem
1760 2758 1817 2828 ejus
1837 2759 1883 2829 qni
1906 2759 1939 2813 de

1152 2850 1221 2904 curlo
1236 2850 1373 2905 descendit
1387 2850 1412 2920 (ι
1427 2849 1486 2904 Cor.
1502 2851 1558 2921 ιιι).
1577 2870 1586 2902 ι
1612 2850 1727 2907 Sanctus
1741 2852 1812 2906 euim
1826 2851 1941 2921 quisque

1152 2940 1298 2994 intantum
1318 2940 1353 2993 ad
1368 2939 1571 2994 similitudinem
1591 2941 1670 3011 buius
1688 2940 1805 2996 bominis
1820 2940 1938 3004 ducitur,

1152 3031 1322 3101 inquantum
1336 3030 1417 3084 ritant
1432 3030 1473 3084 sui
1488 3030 1666 3099 redemptoris
1679 3031 1809 3085 imitatur.
1826 3030 1894 3085 Nam
1907 3031 1940 3085 ab

1152 3122 1211 3192 ejus
1227 3120 1362 3175 mandatis
1381 3128 1461 3190 atque
1476 3121 1603 3190 operibus
1620 3122 1791 3187 discordare,
1814 3122 1878 3192 quid
1899 3130 1942 3178 est

1153 3211 1225 3266 aliud
1239 3227 1318 3281 quam
1334 3227 1349 3265 a
1362 3207 1537 3266 similitudine
1551 3212 1629 3282 longe
1643 3213 1785 3267 recedere?
1809 3212 1941 3280 Plaugunt

1154 3314 1241 3357 autem
1255 3303 1335 3356 ritant
1347 3303 1559 3372 delinquentium
1572 3304 1763 3373 predicatores
1775 3304 1871 3358 saneti.
1887 3302 1940 3357 Sed

1153 3393 1186 3447 de
1200 3393 1257 3462 ipso
1271 3405 1363 3447 nostro
1379 3392 1465 3462 capite
1479 3393 1608 3461 scriptum
1623 3401 1675 3458 est,
1685 3393 1765 3464 quia«
1776 3392 1849 3448 ilerit
1861 3407 1943 3462 super

309 3492 391 3546 dines
407 3490 514 3555 mundi,
530 3491 627 3559 quibus
641 3488 715 3543 orbis
732 3489 886 3553 includitur,
911 3490 968 3544 sire
991 3466 1137 3558 propterC
1153 3481 1347 3536 Hierusalem.»
1360 3481 1484 3538 Gaudent
1498 3483 1530 3538 de
1544 3483 1621 3539 bonis
1636 3484 1741 3539 actibus
1759 3484 1940 3549 subditorum,

308 3581 495 3653 quatumloea
509 3582 658 3637 eoelestium
672 3589 699 3635 et
712 3581 881 3636 terrestrium
894 3590 922 3637 et
933 3579 1100 3637 infernmum

1153 3582 1180 3628 et
1193 3582 1264 3630 recte
1273 3585 1416 3644 operantes
1426 3575 1549 3646 diligunt.
1561 3577 1612 3631 Sed
1623 3576 1656 3631 de
1668 3577 1836 3647 redemptore
1848 3587 1942 3633 nostro

309 3681 339 3727 et
356 3671 599 3741 supercaelestium.
628 3671 665 3725 De
679 3670 776 3740 quibus
800 3680 827 3726 et
845 3672 943 3726 Paulas
965 3672 1103 3741 apostolus
1154 3668 1284 3737 scriptum
1298 3676 1358 3721 este
1375 3668 1437 3737 quia
1453 3684 1514 3722 cum
1528 3669 1684 3725 adolescens
1697 3671 1805 3739 qui-lam
1819 3671 1940 3725 diceret:

308 3766 450 3834 loquitur:
468 3784 477 3815 t
494 3763 529 3820 Ut
544 3765 571 3819 in
585 3765 693 3819 nomine
705 3763 768 3819 lesu
784 3781 863 3819 omne
882 3779 950 3833 genu
967 3764 1100 3831 flectatur,
1156 3778 1165 3808 t
1178 3756 1240 3811 llaec
1249 3757 1339 3810 utuuia
1351 3758 1480 3812 cusiodit'l
1496 3759 1660 3828 ajttreutute
1673 3759 1845 3831 llleafflttllll.
1855 3761 1938 3831 xli),t

309 3856 472 3918 caelestium,
490 3856 656 3910 terrestrium
677 3865 704 3909 et
723 3854 888 3909 infernorum
905 3853 1012 3923 (Plrilip.
1031 3853 1072 3924 ιι).
1090 3872 1099 3904 ι
1154 3848 1240 3917 magis
1254 3848 1347 3902 dilexit
1361 3863 1432 3902 eum.
1451 3848 1564 3903 Portant
1577 3848 1665 3903 illatas
1683 3848 1860 3904 contumelias
1872 3864 1941 3918 prae·

310 3946 352 4001 De
367 3946 455 4000 tribus
468 3944 543 3999 Pauli
557 3946 740 4000 testimoninm
755 3954 804 3999 est.
825 3945 968 4000 videmus
982 3953 1008 4000 et
1022 3961 1103 4014 quar.
1155 3937 1289 3992 dicatores
1304 3940 1403 4002 saneti,
1418 3947 1446 3993 et
1460 3939 1558 3992 unllam
1573 3939 1605 3991 ad
1622 3940 1735 3994 iuricem
1752 3941 1940 3995 contumeliam

310 4048 379 4092 irim,
396 4058 406 4089 ‹
421 4037 541 4093 Laudare
555 4038 649 4098 Deum,
664 4037 724 4091 puali
742 4037 888 4099 emiorum,
902 4044 929 4089 el
953 4052 1020 4105 aqna
1043 4054 1103 4106 «μη»
1156 4029 1280 4082 reddunt.
1312 4028 1364 4084 Sed
1386 4044 1451 4114 5,an
1477 4029 1641 4098 redemptori
1666 4039 1760 4084 nostro
1783 4030 1940 4085 diceretur:

309 4126 1100 4200 sapercoelosestlaudetnonaenllonrini(Pralextrmla
1157 4120 1349 4176 ‹Dreinouiuru
1369 4093 1459 4192 ὥς
1483 4121 1573 4194 (loon.
1595 4122 1671 4193 rm),
1696 4143 1705 4175 ι
1735 4137 1789 4177 ιιοιι
1815 4122 1941 4192 injuriam

310 4220 486 4290 Rursumque
508 4220 543 4276 ab
564 4219 694 4289 Apostolo
716 4218 843 4274 dicuntur
857 4217 977 4274 celestia
1002 4229 1029 4273 et
1050 4219 1102 4274 alia
1156 4214 1288 4275 reddidit,
1316 4215 1362 4269 sed
1388 4224 1526 4270 mansuete
1548 4216 1706 4284 respondit,
1731 4215 1842 4272 dicens:
1860 4236 1869 4267 t
1887 4216 1942 4286 Ego

309 4308 528 4381 supereoelestia.
552 4308 620 4364 Nam
634 4309 696 4379 quia
718 4310 743 4363 in
765 4310 807 4363 die
825 4309 917 4379 judieii
936 4317 1000 4364 tnnc
1016 4309 1102 4364 sancti
1155 4305 1316 4360 demonium
1341 4321 1394 4360 non
1418 4307 1540 4361 babeat
1569 4307 1685 4362 Fervent
1700 4307 1758 4363 zelo
1774 4310 1942 4365 rectitmliuis

309 4417 418 4465 ornttes,
444 4400 490 4472 qui
516 4400 644 4454 muudum
670 4399 789 4470 perfecie
810 4398 977 4468 reliquerunt
996 4398 1102 4468 judiees
1155 4398 1345 4467 predicatores
1359 4396 1461 4462 sancti,
1477 4398 1524 4452 sed
1538 4397 1691 4468 redemptor
1704 4400 1824 4454 onmium
1838 4399 1944 4471 flagello

310 4494 434 4557 ueniunt,
449 4501 586 4563 aptemur
601 4492 737 4547 subditur:
1157 4489 1188 4545 tle
1216 4487 1351 4544 resticulis
1380 4488 1452 4544 laeto
1484 4489 1633 4546 rendentes
1656 4500 1684 4545 et
1710 4500 1831 4547 ementes
1862 4494 1943 4564 ejecit

351 4585 407 4640 «Et
419 4586 446 4640 in
460 4586 548 4640 medin
559 4584 618 4653 ejus
630 4583 777 4640 similitudo
788 4592 903 4655 quatuor
913 4582 1100 4638 animatum.»
1155 4577 1189 4633 de
1205 4578 1314 4647 templo,
1333 4580 1475 4634 catbedras
1491 4582 1661 4635 seruientium
1678 4581 1815 4637 columbas
1830 4585 1942 4648 evertit,

313 4676 417 4749 (Greg.)
437 4675 506 4743 Quid
521 4677 593 4731 enim
612 4692 662 4746 per
673 4684 787 4745 quatuor
799 4675 941 4739 animalia,
963 4674 1015 4729 nisi
1033 4689 1101 4743 qua·
1153 4680 1181 4726 et
1194 4672 1433 4727 nummulariorum
1448 4672 1544 4728 effudit
1557 4689 1604 4729 es.
1623 4673 1737 4728 inomni
1753 4676 1824 4744 quod
1836 4674 1941 4729 sortiter

315 4764 565 4835 tuurErangelistae
578 4766 727 4837 signantur.
746 4762 801 4818 Nec
814 4764 949 4819 innuerito
962 4780 1010 4835 per
1021 4779 1103 4819 erau-
1154 4772 1236 4836 agunt
1259 4763 1436 4817 humilitatem
1458 4771 1512 4818 tota
1530 4763 1679 4818 intentione
1693 4764 1868 4826 custodiunt,
1894 4766 1941 4820 sed

314 4859 424 4929 gelistas
443 4867 558 4928 quatuor
580 4857 760 4927 perlectorum
776 4856 896 4910 omnium
911 4839 1038 4910 nutrierus
1053 4872 1101 4910 ex·
1154 4868 1202 4923 per
1223 4854 1419 4920 redemptorem
1438 4862 1558 4907 nostrum
1576 4852 1692 4907 dicitur:
1710 4873 1719 4906 ι
1736 4854 1837 4910 Discite
1859 4872 1875 4909 a
1899 4872 1942 4911 ure

315 4951 450 5017 primitur.
476 4950 543 5016 Quia
558 4950 711 5018 omnesqui
726 4950 752 5002 in
765 4948 887 5004 Ecclesia
900 4950 978 5002 modu
992 4946 1102 5016 perlecti
1154 4945 1216 5014 quia
1230 4945 1301 4998 mitis
1316 4960 1373 4998 sum
1392 4953 1418 4998 et
1433 4945 1540 4999 humilis
1555 4946 1636 5001 corde
1652 4945 1759 5015 (ιιοιιιι.
1775 4948 1825 5020 ιι).
1843 4970 1852 5002 ι
1875 4950 1940 5005 Per-

316 5048 387 5105 sunt,
398 5038 572 5109 perfectiouis
585 5054 639 5093 sure
652 5038 840 5093 rectitudinem
854 5053 902 5108 per
911 5054 1004 5092 eorum
1015 5037 1102 5091 Eran-
1153 5044 1290 5088 secutores
1304 5050 1410 5103 quoque
1424 5051 1486 5089 suos
1504 5036 1617 5107 diligunt
1632 5037 1824 5107 predicatores
1843 5042 1941 5096 sancti.

317 5127 412 5193 gelinrn
435 5126 597 5182 didicerunt.
623 5125 652 5182 ln
668 5128 757 5181 medio
781 5127 853 5180 eninr
874 5127 932 5196 ejus
955 5126 1103 5184 similitudo
1154 5123 1207 5180 Sed
1226 5125 1281 5195 ipse
1296 5135 1390 5182 auctor
1404 5127 1523 5181 omnium
1538 5143 1571 5182 ae
1585 5128 1747 5198 redemptor,
1770 5131 1796 5185 in
1816 5133 1943 5201 passione

317 5223 430 5284 quatuor
442 5214 607 5269 animalium.
623 5215 690 5280 Quia
705 5214 741 5268 illi
755 5222 820 5270 tuuc
834 5214 892 5283 ejus
906 5216 1012 5285 corpori
1024 5215 1101 5281 uuiti,
1153 5217 1265 5287 positus,
1281 5233 1331 5289 pro
1344 5219 1561 5288 persecutoribus
1575 5222 1726 5285 intercedit,
1742 5224 1852 5280 dicens:
1867 5245 1877 5276 r
1893 5224 1942 5279 Ρι-

319 5301 371 5371 eius
385 5304 519 5374 majestati
533 5303 685 5373 conjuncti,
702 5315 729 5360 et
743 5305 822 5359 simul
836 5305 898 5361 iacti
915 5322 975 5361 eum
990 5307 1104 5377 cojudi-
1157 5315 1208 5372 ter,
1236 5308 1345 5379 ignosce
1369 5307 1439 5375 illis,
1465 5310 1528 5379 quia
1553 5312 1678 5367 nesciunt
1704 5315 1768 5384 quid
1794 5314 1905 5371 iaciunt.
1928 5337 1939 5371 ι

319 5408 360 5449 ces
370 5396 543 5461 ridebuntur,
556 5397 601 5466 qui
615 5398 694 5453 modo
706 5396 825 5467 perlecta
840 5414 921 5467 opera
932 5398 1009 5469 juxta
1022 5415 1103 5454 eran·
1156 5397 1275 5453 Membra
1293 5415 1342 5454 sua
1361 5409 1463 5470 ponunt
1480 5401 1505 5455 in
1525 5403 1650 5471 passione
1667 5420 1717 5473 pro
1732 5405 1869 5469 iratribus.
1893 5409 1941 5462 sen

320 5484 398 5553 geliea
418 5494 552 5557 praecepta
574 5488 660 5541 secuti
681 5496 752 5543 suut.
782 5487 850 5542 Hine
874 5498 915 5542 est
936 5489 1008 5543 enim
1032 5489 1103 5559 qnod

320 5578 380 5649 ipsis
392 5582 496 5637 sanetis
510 5582 638 5651 apostolis
651 5582 766 5637 dicitur:
784 5600 793 5633 ι
812 5583 864 5637 l'os
878 5582 924 5653 qui
939 5582 1024 5638 secuti
1038 5582 1103 5638 estis

320 5685 359 5727 tue
380 5673 407 5727 in
430 5674 635 5743 regeneratione
655 5690 717 5738 curn
739 5674 840 5730 sederit
855 5674 924 5730 itlius
939 5675 1056 5731 honrinis
1075 5676 1101 5731 in

320 5764 378 5818 tede
393 5766 542 5833 malestatis
556 5780 621 5830 suae,
635 5766 763 5821 sedebitis
777 5775 804 5820 et
816 5766 1026 5836 resjudieantes
1037 5767 1103 5822 dato-

320 5851 401 5909 deeirn
418 5856 504 5910 tribus
517 5856 598 5910 lsrael
615 5856 722 5926 (llattb.
738 5856 806 5927 xta).
827 5876 835 5908 ι
852 5856 920 5912 ilinc
940 5857 1022 5913 isaias
1043 5860 1100 5913 ait:

323 5942 472 6000 «muninus
485 5944 659 6014 adjudicium
673 5947 761 6001 reniet
773 5963 834 6001 cum
848 5947 1000 6003 senioribus
1012 5948 1102 6017 populi

321 6035 359 6090 atti
373 6036 440 6091 ttae.
461 6036 513 6102 ιιι).
529 6056 538 6088 ι
567 6035 634 6092 ιιιιιο
658 6036 785 6093 Salouton
801 6039 832 6093 de
847 6036 967 6092 Ecclesia
983 6036 1103 6106 loquitur

1155 5504 1205 5557 pro
1227 5489 1373 5544 electorum
1397 5492 1558 5562 vitansque
1581 5494 1614 5547 ad
1638 5504 1752 5551 mortem
1777 5513 1806 5551 se
1830 5498 1941 5555 tradidit

1156 5589 1251 5636 auctor
1268 5581 1340 5635 rita.
1369 5581 1478 5637 [dicatur
1502 5598 1567 5653 ergo
1588 5583 1622 5638 de
1643 5586 1745 5640 sanctis
1769 5585 1939 5647 animalibus,

1155 5673 1227 5745 quod
1244 5673 1391 5728 similitudo
1408 5674 1526 5739 hominis
1541 5676 1566 5729 in
1582 5676 1621 5730 eis
1634 5686 1686 5732 est.
1710 5676 1777 5743 Quia
1791 5676 1861 5746 qued
1876 5692 1939 5731 san-

1155 5773 1214 5830 cta,
1234 5764 1304 5833 quod
1317 5764 1385 5818 mira
1400 5774 1476 5830 sunt,
1497 5766 1548 5822 bne
1563 5767 1643 5821 ineis
1661 5769 1693 5822 de
1711 5768 1800 5835 speeie
1814 5766 1940 5819 similitu·

1155 5853 1225 5909 diuis
1240 5863 1291 5918 est.
1303 5854 1328 5907 id
1342 5862 1391 5917 est,
1404 5854 1437 5909 de
1449 5855 1549 5910 virtute
1561 5856 1729 5911 imitationis.
1745 5856 1831 5927 Caput
1844 5856 1942 5926 quippe

1155 5943 1274 5996 omniunt
1299 5952 1419 5997 nostrum
1441 5944 1605 6015 ilelcntptm
1636 5956 1727 6001 noster
1758 5955 1809 6002 est.
1836 5945 1871 6001 tu
1892 5962 1940 6015 per

1157 6033 1327 6089 Salomonem
1341 6035 1456 6091 dicitur:
1474 6058 1483 6088 ι
1500 6038 1575 6094 Oculi
1591 6038 1719 6106 sapientis
1732 6038 1759 6094 iu
1772 6039 1860 6108 capite
1872 6037 1942 6107 ejus,
