4500 6842
309 696 378 751 tlte
707 695 711 704 '
960 681 1271 742 mtthohmthlt.
1858 685 1926 738 llio

305 812 395 882 jussus
408 812 450 862 eal
473 803 500 858 io
521 801 663 874 convulsum
689 797 807 861 excudi,
831 797 921 867 ibique
942 796 1132 857 diutissimeh
1179 795 1236 850 l'lll
1254 795 1320 851 litu.
1335 795 1426 851 homae
1438 796 1579 851 translatio
1598 794 1673 850 Pauli
1686 796 1810 867 apostoli,
1825 807 1926 855 etoon-

306 895 445 968 torqueri:
459 893 522 948 hine
534 891 568 947 ad
580 888 730 961 patibulum
743 894 847 957 raptus,
862 886 917 941 imo
930 900 964 940 ex
977 884 1091 955 equuleo
1144 887 1233 942 versio
1244 886 1271 941 in
1286 886 1426 941 Damasco.
1448 883 1579 941 Nativitas
1595 886 1681 941 sancti
1700 884 1823 957 Gregorii
1835 887 1926 945 ¹'l'lreo-

305 985 443 1057 depositus
453 991 571 1039 tortores
587 994 650 1036 suos
669 978 726 1048 ipse
746 990 916 1048 praecurrens
932 987 1093 1030 morascar·
1144 975 1208 1046 lopi,
1219 985 1246 1030 et
1261 976 1389 1032 nativitas
1401 974 1516 1044 Proiecti
1531 976 1667 1047 martyris.

305 1077 393 1133 nitleh
422 1073 532 1146 eguit:
553 1075 694 1141 torquetur
715 1068 752 1124 ibi
775 1075 886 1137 sanctos
912 1066 959 1122 Dei
979 1074 1091 1149 martyr,
1179 1067 1225 1124 vll
1248 1067 1315 1124 lint.
1327 1067 1419 1124 Sancti
1433 1067 1585 1139 Polycarpi,
1599 1069 1717 1140 episcopi
1731 1068 1863 1141 Smyrna,
1878 1072 1926 1143 qui

307 1161 610 1235 tundit:r,hapellatur,
625 1159 757 1224 exoritur,
778 1166 805 1213 et
821 1154 949 1212 distentis
962 1154 1094 1211 membris
1143 1158 1195 1214 soh
1210 1157 1300 1213 llnrco
1318 1157 1462 1220 Antonino,
1487 1165 1515 1213 et
1529 1155 1612 1213 Lucio
1632 1157 1741 1213 Aurelio
1767 1158 1930 1224 Commodo,

305 1256 402 1312 crescit
422 1254 456 1309 nd
481 1266 599 1323 poenam.
621 1249 814 1319 imprimuntur
840 1248 966 1302 ardentes
989 1245 1093 1317 pectori
1143 1247 1254 1308 sedente
1281 1246 1404 1319 smyrne
1429 1246 1600 1326 proconsule,
1625 1247 1784 1316 conjurante
1808 1250 1836 1304 in
1864 1265 1925 1307 eum

305 1346 422 1411 lamine,
448 1351 476 1400 et
503 1340 647 1414 liquelaeto
673 1339 743 1394 inter
762 1338 836 1408 ipsas
856 1336 1003 1392 candentes
1026 1334 1093 1391 ierri
1142 1334 1216 1391 omni
1235 1335 1344 1407 popolo,
1358 1334 1413 1407 igni
1436 1335 1551 1390 traditus
1565 1342 1615 1390 est.
1634 1334 1790 1391 Bethlehem
1805 1336 1926 1402 civitae,

305 1436 379 1492 acies
405 1435 509 1505 liquore
526 1440 664 1502 puttamm
686 1429 803 1485 stridens
827 1428 934 1483 flamm
954 1426 1093 1498 respergi·
1143 1433 1245 1483 moetas
1265 1425 1364 1491 Paulae,
1381 1423 1458 1496 eolus
1476 1424 1676 1494 precationibus
1688 1439 1810 1481 annuens
1831 1426 1926 1483 heatus

306 1535 362 1593 tur,
375 1525 488 1580 volnera
500 1519 657 1576 volneribus
671 1518 872 1589 imprimuntur,
889 1522 1023 1572 tormenta
1037 1523 1093 1571 tor-
1144 1515 1410 1588 lliemnymusplura
1425 1513 1542 1570 eoolecit
1553 1514 1692 1584 opuscula.

306 1616 405 1671 incutis
424 1611 581 1674 desaeviunt,
595 1609 665 1665 sales
681 1607 788 1680 ignibus
800 1606 886 1678 sparsi
901 1604 1094 1677 crepitantibus
1179 1606 1213 1662 vl
1240 1603 1307 1661 litu.
1329 1603 1358 1659 ln
1376 1602 1467 1659 Airita
1480 1603 1608 1659 nativitas
1622 1615 1635 1644 ⁸
1650 1603 1721 1669 Dati,
1744 1601 1844 1661 loliani
1858 1606 1925 1661 ¹llio-

306 1705 418 1762 minutis
432 1698 698 1778 [l'orteminutatiur]
711 1703 761 1769 per
775 1697 895 1753 membra
908 1695 1053 1762 dissiliunt,
1066 1702 1095 1750 et
1143 1695 1292 1759 coutimur
1318 1692 1431 1748 aliorum
1458 1692 1566 1765 triginta
1590 1692 1703 1748 duomm
1726 1692 1841 1766 [viginti
1864 1711 1925 1767 sep·
2012 1684 2014 1695 '

306 1794 655 1872 iarnnonadartos,sedad
664 1794 722 1864 ipsa
734 1792 837 1848 viscera
845 1789 1034 1861 suppliciorum
1042 1787 1093 1844 tela
1144 1785 1221 1858 teml,
1236 1793 1264 1841 et
1282 1783 1410 1839 nativitas
1431 1782 1518 1838 sancti
1539 1781 1656 1855 Sulpitii,
1679 1783 1796 1856 episcopi
1810 1796 1838 1843 et
1861 1802 1926 1843 oon-

305 1890 457 1962 laciuntur.
473 1883 538 1941 Post
547 1885 605 1941 haec
619 1880 747 1937 inlocum
760 1878 980 1936 obscurissimum
993 1892 1025 1933 ac
1037 1876 1093 1931 ira·
1144 1875 1264 1934 sessoris.

289 1979 424 2050 pauentis
441 1974 758 2040 testularumexpersum
772 1967 901 2032 truditur,
914 1966 963 2022 sed
973 1965 1010 2020 ihi
1025 1965 1092 2022 lucis
1178 1969 1202 2025 V
1235 1966 1304 2024 Kar.
1332 1966 1424 2024 homae
1448 1975 1550 2024 sancte
1576 1967 1688 2040 Agnetis
1707 1969 1818 2041 virginis
1841 1973 1925 2044 pemi-

306 2073 463 2129 amoenitate
475 2079 502 2126 et
516 2067 614 2139 quietis
625 2080 673 2136 per
682 2064 832 2134 angelicum
847 2059 1028 2116 ministerium
1043 2074 1077 2130 po
1144 2075 1208 2115 num
1222 2057 1374 2132 [secundo],
1392 2059 1443 2115 hoe
1452 2068 1504 2123 est,
1514 2060 1548 2115 de
1562 2059 1710 2115 nativitate.
1719 2059 1791 2116 Obiit
1802 2062 1923 2119 Carolus.

308 2165 373 2219 titus
388 2171 429 2218 est
444 2178 450 2215 :
467 2158 531 2215 inde
550 2169 668 2227 quoque,
685 2152 798 2223 jubente
816 2148 940 2222 praeside,
953 2148 981 2203 in
993 2148 1093 2205 lecturio
1109 2170 1131 2229 Β
1179 2151 1212 2206 lv
1231 2151 1299 2206 litu.
1314 2150 1407 2206 homae
1423 2150 1550 2207 nativitas
1564 2149 1653 2221 Papiae
1666 2161 1694 2207 et
1706 2150 1791 2207 llauri
1809 2152 1924 2209 militum

306 2259 470 2323 asportatus,
485 2248 520 2304 ad
542 2244 686 2302 Dominum
701 2257 762 2299 eum
780 2240 870 2311 palma
893 2238 1017 2310 martyrii
1043 2238 1093 2293 mi-
1145 2252 1264 2314 tempore
1284 2241 1453 2307 Diocletiani,
1465 2242 1512 2312 qui
1530 2242 1652 2298 ridentes
1670 2243 1850 2299 constantiam
1873 2244 1925 2300 Sa·

307 2343 405 2416 gravit.
418 2341 514 2397 Postea
529 2352 626 2408 corpus
642 2334 701 2405 ejus
714 2335 741 2389 in
755 2347 830 2388 mare
846 2332 915 2387 mitti
927 2330 1092 2401 precipitur,
1143 2333 1244 2388 tuntini
1255 2340 1283 2387 et
1295 2330 1406 2388 sisinnii
1416 2340 1575 2404 martyrum,
1586 2334 1709 2389 conversi
1720 2344 1783 2390 sunt
1797 2335 1831 2391 ad
1843 2335 1923 2393 iidem

308 2434 357 2490 sed
369 2433 518 2488 immissum
533 2428 648 2486 celerius
662 2433 724 2497 post
738 2422 846 2488 ductos,
863 2423 919 2480 Deo
931 2422 1046 2488 volente,
1059 2422 1094 2477 ad
1143 2422 1288 2493 statimque
1299 2420 1404 2491 jussum
1418 2430 1458 2477 est
1476 2436 1491 2476 a
1509 2421 1637 2479 Laodicio
1650 2423 1777 2494 praelecto
1803 2425 1881 2483 Urbis
1894 2435 1925 2484 ut

307 2525 384 2582 littus
405 2522 553 2587 reducitur,
573 2519 645 2591 quod
664 2516 791 2588 religiosa
805 2515 928 2586 quedam
942 2514 1023 2570 vidua
1042 2528 1092 2569 no·
1142 2525 1174 2569 os
1189 2526 1295 2578 eorum,
1309 2526 1363 2582 quo
1388 2511 1525 2568 Christum
1546 2512 1757 2582 contltebantur,
1784 2530 1845 2571 cum
1857 2516 1926 2588 lapi·

308 2617 381 2672 ruine
403 2614 497 2671 lonico
520 2611 663 2684 sepulturae
687 2609 803 2680 primum
829 2607 956 2671 tradidit,
984 2605 1093 2662 Christo
1142 2603 1221 2660 ditus
1235 2604 1454 2669 contunderetur,
1468 2611 1495 2658 et
1513 2604 1716 2660 retruderentur
1738 2604 1764 2660 ln
1787 2622 1925 2664 carcerem

308 2707 471 2778 triumphum
486 2702 544 2773 eius
566 2698 705 2758 miraculis
721 2698 863 2769 probante.
883 2695 983 2752 liudem
999 2695 1042 2750 die
1059 2695 1093 2749 ad
1142 2693 1187 2748 uhi
1201 2693 1441 2765 baptizatieraota
1456 2692 1534 2749 beato
1548 2707 1616 2764 papa
1629 2693 1769 2759 Marcello:
1785 2710 1853 2766 quos
1864 2707 1926 2768 post

306 2797 398 2869 Aquas
411 2795 516 2851 Salvias
532 2792 660 2850 nativitas
672 2788 758 2845 sancti
775 2786 910 2842 Anastasii
926 2784 1051 2841 monachi
1065 2792 1093 2839 et
1142 2782 1200 2838 dies
1214 2782 1339 2838 undecim
1350 2780 1431 2852 jussit
1446 2781 1529 2837 sterni
1544 2782 1570 2838 in
1583 2790 1667 2850 terra,
1678 2792 1706 2839 et
1719 2783 1833 2841 fustibus
1846 2788 1925 2854 oedi,

307 2888 433 2958 nvartyris
458 2885 491 2940 de
514 2883 635 2948 Perside,
659 2880 705 2950 quui
734 2888 796 2949 post
817 2876 932 2948 plurima
947 2884 1091 2943 tormenta,
1142 2870 1229 2928 donec
1245 2871 1422 2944 exspirarent.
1437 2853 1555 2942 Quomo'v
1568 2887 1681 2943 corpora
1698 2873 1827 2946 colligens
1842 2887 1924 2933 noctu

306 2981 434 3042 carceris,
450 2977 593 3032 verborum
611 2981 639 3029 et
655 2969 835 3034 vinculorum,
853 2983 914 3050 quae
928 2969 955 3023 in
968 2966 1092 3026 &seren
1142 2965 1260 3023 loannes
1268 2965 1412 3036 presbyter
1427 2964 1551 3036 sepelivit
1563 2963 1604 3019 ria
1618 2964 1786 3022 Nomentana
1799 2967 1926 3040 [Nomen

305 3069 454 3126 Palaesnnae
476 3081 621 3139 perpessus
644 3063 773 3129 lucrata
792 3060 884 3116 Persis
905 3067 1042 3132 postremo
1065 3060 1092 3115 in
1143 3054 1216 3128 tana]
1224 3054 1396 3127 adnymphas
1404 3054 1475 3109 beati
1487 3053 1569 3120 Petri,
1578 3054 1842 3126 ubibaptirabantur.
1852 3059 1926 3116 Scri·

305 3159 416 3218 Perside
431 3159 513 3213 tuulta
526 3170 606 3228 poena
621 3151 747 3216 affectus,
767 3159 849 3220 atque
861 3149 895 3205 ad
913 3147 1037 3204 ultimum
1047 3148 1092 3204 de·
1142 3152 1216 3216 ptum
1229 3144 1257 3200 in
1269 3145 1352 3215 gestis
1361 3144 1431 3199 beati
1441 3158 1516 3215 pape
1531 3142 1660 3201 llarcelli.
1672 3144 1801 3214 Treviris,
1816 3148 1922 3220 deposi-

304 3251 417 3308 oohatus
431 3256 471 3304 est
492 3262 508 3302 a
531 3259 594 3316 repe
606 3258 700 3299 eorum
716 3240 865 3297 chosdroe.
1143 3233 1181 3289 tio
1195 3231 1266 3288 beati
1278 3233 1378 3288 Valerii
1390 3233 1518 3303 episcopi.

340 3338 364 3392 x
390 3336 456 3391 liro.
481 3333 573 3388 llovuae
596 3330 724 3386 nativitas
751 3337 854 3385 sauctre
877 3326 1091 3391 limerentianae,
1178 3322 1288 3378 llllitu.
1308 3321 1440 3379 llalhodio
1453 3324 1615 3379 monasterio
1641 3325 1768 3384 nativitas
1789 3327 1925 3400 Aldepun-

305 3426 417 3497 ,pg-„ps
444 3422 544 3479 christi
566 3428 592 3475 ct
605 3416 743 3489 martyris,
768 3430 828 3488 quae
849 3424 908 3471 erat
927 3415 1092 3474 cohactanoa
1142 3413 1379 3489 dae[hldegondts]
1397 3414 1517 3487 virginis,
1535 3430 1594 3486 quae
1605 3418 1771 3489 temporibus
1782 3419 1924 3494 Dsgoherti
2013 3487 2015 3492 ,

305 3523 407 3573 sanctae
434 3511 516 3582 ignee
537 3505 680 3582 [Agnetish
694 3514 722 3561 el
743 3504 808 3560 dum
830 3511 923 3560 oraret
949 3503 984 3559 oti
1000 3502 1091 3574 sepul·
1104 3521 1128 3584 c
1143 3506 1214 3577 regis
1230 3505 1396 3561 Francorum
1411 3519 1443 3560 ex
1460 3505 1540 3560 nobili
1555 3519 1653 3575 genere
1672 3510 1824 3579 pmpenita,
1843 3511 1925 3585 virgi.

306 3617 382 3661 erum
394 3601 462 3673 ejus,
474 3615 507 3656 ac
516 3597 598 3654 simul
611 3604 722 3652 orantes
735 3608 751 3648 a
765 3593 906 3664 gentilium
920 3591 1029 3648 lesione
1045 3591 1092 3647 de·
1143 3596 1235 3651 nitatis
1252 3596 1417 3665 propositum
1432 3594 1520 3664 clegit.
1544 3595 1571 3649 ln
1585 3611 1638 3666 quo
1656 3605 1684 3653 et
1702 3602 1861 3670 permansit,
1874 3618 1925 3658 saa-

305 3692 436 3758 senilem,
455 3688 573 3761 hildim
589 3684 681 3743 08221'
700 3684 749 3739 0¹⁸·
763 3682 866 3738 Eodem
880 3682 924 3737 dle
938 3680 1030 3754 Pi⁸⁵i⁰
1047 3694 1092 3735 ⁰⁰·
1142 3688 1255 3759 piusque
1280 3688 1317 3742 illi
1340 3686 1458 3757 angelica
1481 3687 1550 3741 visio
1570 3687 1687 3744 revelata
1700 3689 1761 3757 suit,
1776 3691 1923 3751 exhortans

305 3785 594 3839 lebratursauotorurn
612 3783 762 3847 martyrum
778 3770 908 3826 llacharii
928 3770 1091 3841 etEupenii,
1141 3791 1201 3832 nam
1213 3787 1242 3832 ur
1255 3777 1281 3831 in
1296 3776 1431 3847 proposito
1442 3777 1851 3845 permanereunovtssvmeveffl
1860 3796 1922 3838 cum
1996 3813 2000 3819 .

304 3872 522 3945 quisubluliauo
531 3866 713 3942 judicemulta
726 3872 859 3921 tormenta
867 3863 940 3935 passi
954 3870 1027 3928 sunt,
1041 3863 1093 3917 hoc
1143 3882 1238 3938 :vapra
1258 3867 1381 3923 claritate
1393 3866 1510 3923 coelestis
1525 3865 1633 3923 luminis
1650 3869 1684 3925 ad
1703 3870 1783 3926 vitatu
1799 3872 1925 3944 migravit

305 3972 358 4029 est,
379 3961 538 4018 craticulam
560 3957 687 4022 incendii,
715 3956 743 4011 in
757 3969 811 4024 utra
832 3953 878 4024 pin
898 3960 980 4022 atque
1003 3950 1092 4007 oleum
1142 3966 1282 4014 mamam,

304 4051 447 4123 superfusa
468 4058 541 4115 sunt,
555 4048 604 4104 sed
622 4061 676 4102 uon
688 4060 737 4101 eos
752 4044 822 4116 ignis
840 4041 927 4107 tasin
942 4040 1039 4096 deinde
1053 4041 1092 4094 vi·
1176 4047 1197 4102 11
1212 4047 1277 4103 llic.
1287 4049 1315 4104 ln
1328 4049 1489 4104 Alexandria
1503 4050 1628 4107 nativitas
1640 4052 1741 4109 Tarsici
1754 4052 1921 4130 [Tharsiciih

303 4150 377 4220 peris
389 4145 559 4218 serpentibus
568 4144 657 4201 traditi
671 4151 744 4208 surrt,
758 4142 805 4198 sed
816 4140 979 4197 nullomodo
990 4138 1025 4194 ub
1038 4138 1091 4193 illis
1142 4139 1226 4195 zotici
1238 4139 1570 4213 [cyriaci]etdmminoui.
1579 4141 1704 4198 luhirics
1713 4141 1922 4205 VictorisPublii

304 4246 367 4295 sunt
381 4236 453 4301 laesi3
473 4241 565 4305 postea
588 4232 732 4287 draconem
759 4231 895 4301 ingentem
919 4227 1090 4284 orationibus
1141 4229 1432 4303 [TiryrleSntnrnint¹

304 4325 502 4389 exstinxerunt,
518 4322 552 4377 ad
572 4329 722 4376 extremum
736 4333 799 4373 vero
818 4316 950 4387 martyrio
968 4315 1090 4372 coronavi

305 4426 381 4473 sunt.
1371 4374 1702 4456 FuuhhthttJS.

341 4506 378 4564 tlt
404 4506 470 4562 lino.
484 4504 621 4561 Nativitas
635 4504 722 4560 sancti
733 4502 866 4559 Timothei
884 4501 1009 4573 aposloli,
1020 4510 1048 4556 el
1063 4501 1090 4556 1¹¹
1175 4508 1241 4564 Kar..
1260 4507 1416 4565 Fronuturv.
1431 4508 1460 4564 ln
1470 4507 1574 4567 Graecia
1587 4509 1727 4583 Polycarpi
1741 4510 1833 4584 [Forte
1845 4511 1922 4586 lgna-

304 4598 446 4654 hntioebia
460 4598 544 4654 sancti
560 4596 667 4668 Babylo
681 4596 799 4667 episcopi
820 4605 848 4652 et
871 4597 952 4651 trium
964 4596 1089 4666 parvulo·
1140 4599 1182 4674 tii]
1199 4599 1328 4671 episcopi,
1343 4608 1371 4656 et
1387 4601 1415 4656 io
1428 4600 1556 4658 Ravenna
1570 4604 1656 4658 sancti
1671 4601 1764 4658 Severi
1779 4603 1898 4677 episcopi
1913 4623 1919 4657 :

304 4705 365 4744 rum
384 4687 493 4753 Urbani,
509 4686 650 4752 prilidani,
665 4694 692 4741 θῑ
717 4686 841 4757 Eupolini
867 4685 1025 4759 [Epulooiih
1041 4686 1088 4756 quvi
1140 4691 1167 4746 in
1184 4689 1310 4747 ilibernia
1323 4705 1430 4761 quoque
1453 4693 1580 4747 nativitas
1595 4691 1711 4763 brigidae
1721 4692 1842 4764 virginis,
1862 4708 1922 4763 quae

304 4788 510 4851 passosestpro
524 4779 631 4834 nomine
643 4778 743 4834 Christi
765 4779 815 4835 sub
828 4778 993 4834 Numeriano
1004 4778 1089 4846 impe·
1141 4781 1267 4836 nativitas
1288 4795 1446 4850 ruaguorum
1468 4782 1625 4836 meritorum
1643 4789 1670 4836 ct
1687 4782 1839 4838 sanctitatis
1860 4797 1921 4838 esse

305 4880 407 4950 ratore,
425 4868 482 4938 ipse
497 4877 522 4923 et
533 4867 609 4939 pueri
623 4866 682 4937 ejus
697 4881 800 4931 seeum,
814 4868 939 4938 poetalis
954 4876 1086 4924 tormenta
1102 4861 1127 4921 D
1140 4871 1311 4941 praedicatur.

304 4957 448 5030 capitalem
460 4958 620 5014 senentiam
632 4959 759 5014 imples.
1176 4959 1210 5014 lli
1222 4958 1288 5014 lion.
1304 4957 1458 5014 Puritieatio
1479 4969 1580 5015 sancus
1607 4959 1710 5028 itariae,
1733 4961 1841 5032 quaudo
1861 4977 1921 5018 conv

340 5081 354 5112 a
380 5070 477 5142 Datioi,
506 5068 642 5126 vincentii.
673 5068 793 5126 Laudato
813 5080 875 5127 suut
893 5071 919 5125 in
945 5070 1087 5126 collatione
1141 5072 1375 5131 citatehctournn
1411 5070 1922 5144 uaquamdisoeptantet,arpumentum

305 5139 509 5209 Carthaginensi
528 5139 702 5221 aDooatistis
717 5140 811 5220 horum
830 5148 978 5222 rrtnrtyrum
996 5139 1084 5204 Acta;
1142 5142 1176 5198 ad
1189 5142 1324 5199 homiuem
1338 5158 1373 5214 qu
1430 5150 1538 5204 vocant,
1560 5143 1620 5197 inde
1643 5143 1802 5207 eduxerunt,
1825 5144 1922 5213 proba-

304 5217 334 5267 et
344 5224 438 5264 revera
452 5208 561 5264 luerunt
576 5208 721 5265 Donatistae
736 5225 763 5263 m
812 5220 963 5266 rseeutrone
985 5220 1086 5280 marty·
1142 5213 1194 5268 turi
1211 5211 1355 5268 scilicetex
1370 5212 1435 5281 ipsis
1449 5212 1646 5267 Donatistarum
1661 5212 1921 5270 hctisoumemvum

305 5279 349 5335 rio
363 5279 501 5343 coronati;
516 5279 628 5348 ideoque
645 5279 705 5335 illus
717 5294 767 5336 veo
787 5279 889 5334 'tabam
909 5280 1085 5336 schismatici.
1139 5289 1240 5338 coetom
1264 5282 1458 5350 persecutionis
1481 5291 1601 5352 tempore
1625 5282 1766 5339 convocari
1791 5283 1919 5353 potuisse.

304 5347 476 5405 contendunt
489 5348 596 5417 quidem
608 5347 733 5404 Dsluzius
745 5356 772 5404 et
784 5356 844 5421 post
857 5363 919 5402 com
930 5348 1085 5411 Ruinartus,
1140 5351 1243 5422 Quippve
1255 5359 1387 5421 martyres
1400 5351 1598 5406 Donatistarum
1607 5350 1838 5408 corritcbauturse
1849 5369 1858 5403 ι
1870 5352 1923 5408 col·

305 5417 483 5472 aDooatistis
509 5416 591 5472 luisse
615 5417 767 5498 depravata,
788 5417 912 5487 adjuncta
932 5418 1088 5489 prolatione
1141 5418 1237 5476 Ιοοιιιιιι
1250 5427 1278 5475 et
1291 5420 1459 5475 Douriuieum
1485 5421 1582 5491 egisse.
1600 5419 1745 5477 »Alterum
1766 5421 1859 5476 eadem
1882 5419 1922 5475 ia·

304 5486 382 5542 brevi
392 5495 418 5540 et
430 5487 456 5540 iu
470 5487 522 5541 hue
534 5486 576 5541 lon
596 5486 646 5541 iorr
658 5489 813 5557 appendice,
827 5489 853 5543 in
864 5487 1030 5558 qua-multas
1044 5502 1089 5541 ca·
1141 5489 1243 5545 cilitate
1260 5491 1398 5572 probatur,
1412 5490 1476 5561 quip
1525 5491 1712 5562 ipsaclausula
1735 5499 1855 5544 asaoeto
1868 5488 1922 5543 llu-
2036 5487 2039 5498 '

305 5555 556 5616 lumniasadversus
590 5559 726 5612 ensuriurn
737 5557 1087 5627 caeterasqucinserueruut.
1161 5559 1249 5614 ustiuo
1263 5560 1379 5615 radicata
1393 5561 1421 5615 in
1439 5574 1472 5615 eo
1492 5560 1690 5618 ttioneh'artha
1710 5557 1807 5624 iocosi,
1823 5557 1922 5627 legitur

305 5624 420 5680 Fallitur
432 5624 476 5679 bic
489 5626 653 5681 lluinartus:
669 5626 725 5696 ipsa
737 5641 796 5696 qum
810 5643 880 5682 nunc
895 5627 1008 5696 legimus
1021 5625 1089 5681 Acta
1142 5576 1274 5685 {odierno
1299 5630 1343 5685 die
1357 5630 1383 5683 in
1396 5630 1543 5700 appendice
1583 5645 1677 5685 nanta
1730 5626 1923 5695 uatistisadje-

304 5710 361 5750 nou
374 5693 483 5750 luerunt
505 5695 671 5752 acatholicis
695 5696 722 5749 in
743 5695 885 5751 collatione
910 5696 1001 5766 agunta
1015 5696 1088 5750 velut
1140 5707 1211 5754 etam
1224 5698 1332 5769 conjicit
1345 5698 1509 5765 lluinartus3
1529 5645 1599 5755 unge
1611 5697 1738 5767 cotrjicias
1749 5696 1923 5776 appendicem

322 5764 432 5831 enulna,
451 5764 580 5820 deiudea
602 5764 746 5820 Donatistis
762 5765 915 5836 depravata.
940 5766 1087 5834 Utmmqoo
1140 5768 1224 5832 illam,
1238 5784 1319 5837 qurum
1333 5769 1465 5840 integram
1490 5770 1573 5825 edidit
1593 5769 1619 5822 in
1638 5764 1923 5834 enueDaluzius,1ant

315 5833 387 5890 aelle
408 5835 555 5904 probatur:
577 5835 713 5904 primum,
743 5837 814 5904 quod
837 5836 954 5891 indicata
979 5835 1088 5891 luerunt
1140 5840 1305 5907 temporibus
1315 5837 1455 5909 Augustini
1471 5838 1553 5894 luisse
1574 5783 1734 5902 coniectatur,
1754 5836 1867 5905 ideoque
1880 5849 1924 5906 gc·

305 5904 413 5960 illorum
427 5913 575 5975 martyrum
594 5903 866 5970 hemaDooatistis,
883 5906 1087 5962 sarcilioetra·
1139 5907 1259 5962 nuinarn.
1285 5908 1396 5964 Dativus
1421 5909 1504 5980 igitur
1526 5916 1553 5962 et
1582 5907 1646 5961 socii
1675 5905 1746 5962 iuter
1770 5903 1923 5961 horratistas

305 5976 389 6038 tione,
401 5973 471 6042 quod
485 5976 519 6028 ab
531 5974 648 6043 ipsorum
669 5973 790 6043 partibus
803 5974 941 6030 stetissent
963 5973 1086 6029 Saturni·
1139 5975 1236 6031 dehent
1250 5977 1399 6033 amandari.
1414 5977 1493 6032 Dnsn.

304 6059 367 6110 nos,
380 6041 489 6099 Dativus
501 6044 652 6114 caeterique.
666 6043 797 6099 Catholici
816 6059 881 6099 vcro
903 6046 936 6100 de
952 6043 1085 6099 arrthcori·

424 6137 560 6199 Parnon.
583 6137 650 6198 CX.
1670 6128 1708 6186 36
