4500 6842
303 615 370 706 ill·
724 621 727 626 “
834 611 1186 673 tantumtantum.
1207 613 1252 670 ΕΤ
1271 611 1382 671 EPlS'l.
1470 661 1474 670 .
1585 633 1590 678 5
1637 667 1639 672 ,
1895 613 1955 674 iii.

311 745 370 792 tan
396 732 477 788 ritant
504 727 612 786 ohnoaii
630 733 706 783 erant
729 725 858 782 seruituti.
873 724 963 794 Quare
979 725 1106 794 tremitis,
1120 732 1146 791 A
1159 734 1232 783 siras
1243 741 1298 783 aaa
1315 725 1404 785 edunt
1417 726 1488 785 sieut
1503 727 1588 797 aene
1598 724 1740 785 sedetiam
1750 722 1911 783 sicutltonto
1921 724 1951 782 ia

309 837 401 894 quare
422 817 524 878 timetis
537 834 598 876 eam
620 831 679 889 quar
691 814 747 888 lam
773 815 952 873 condemnata
970 814 1107 885 esiliam
1158 818 1248 889 scipso
1271 834 1319 890 per
1341 819 1556 890 experimentum
1580 818 1723 891 cognovit;
1751 816 1814 873 licet
1835 813 1958 894 lieusln
2057 857 2061 872 ,

311 911 445 970 terribilis
458 926 512 966 non
524 917 575 974 est,
589 908 637 965 scd
660 907 797 979 optabilis,
819 907 896 979 quasi
910 907 1032 963 lalrorum
1045 907 1107 963 linis
1158 923 1206 964 sua
1217 916 1313 965 natura
1324 909 1361 964 sit
1374 909 1558 981 impassibilis,
1566 919 1658 967 tamen
1669 910 1696 964 in
1708 916 1801 966 nostra
1815 923 1898 979 quam
1908 921 1951 964 ss·

310 1016 340 1063 et
352 1004 459 1078 requim
475 1002 592 1058 initiatur.
604 1000 667 1066 Cur,
682 1000 737 1065 ait,
751 1001 844 1056 timore
864 999 955 1055 mortis
969 1015 1015 1071 per
1025 1008 1107 1054 toturn
1158 997 1361 1067 sumpsit.idem
1371 999 1418 1054 liei
1430 999 1516 1056 Filius
1530 1000 1667 1071 passibilis
1676 999 1729 1056 luit
1740 1005 1952 1056 nostraeuaturae

310 1098 395 1152 sitan
415 1092 847 1152 ninosiierantseroitntiiservi
861 1091 995 1163 siquidem
1011 1090 1108 1147 mortis
1157 1090 1315 1146 consimilis.
1335 1089 1487 1147 locavero
1510 1108 1595 1150 carne
1618 1107 1700 1162 quam
1721 1090 1842 1161 suscepit
1864 1088 1950 1146 inuita

308 1201 409 1242 annes
420 1183 529 1239 luerent
539 1183 603 1255 quia
618 1191 733 1237 mortem
747 1181 891 1247 timebant,
899 1182 1014 1237 necdum
1028 1189 1109 1237 erant
1158 1194 1229 1235 sara
1242 1195 1339 1251 passus
1354 1189 1408 1248 est,
1421 1182 1498 1238 novit
1508 1183 1573 1253 quid
1585 1192 1629 1238 est
1642 1183 1756 1238 tentatio
1768 1181 1928 1249 patientium
1941 1196 1950 1235 ι

309 1277 429 1334 solutis
454 1275 550 1331 umore
575 1274 681 1337 mortis,
707 1274 784 1345 eujus
805 1272 909 1344 legibus
936 1274 1105 1329 tenebantur.
1157 1271 1953 1346 ipsetentatusestsednonsuperatus.Quidestergoquod

309 1366 392 1424 lianc
405 1368 498 1436 itaque
510 1364 598 1421 sancti
612 1364 736 1421 derident
751 1379 825 1431 eam,
836 1365 894 1437 qui,
911 1378 996 1435 agone
1015 1374 1106 1419 trans-
1157 1362 1238 1427 dicit,
1250 1372 1332 1433 potest
1350 1379 1394 1418 ens
1408 1365 1453 1434 qsi
1466 1373 1601 1420 tentantur
1614 1364 1761 1435 adinrare?
1774 1362 1915 1435 Tanquam
1928 1361 1952 1418 si

310 1469 376 1517 aeto
398 1467 427 1516 et
441 1466 527 1515 morte
550 1455 666 1525 devicta,
682 1459 716 1513 ad
729 1473 850 1540 ,regntrm
869 1458 1008 1513 transituri
1033 1468 1105 1514 sunt.
1157 1454 1219 1523 quis
1231 1454 1351 1510 diceret:
1368 1455 1436 1511 Cum
1451 1456 1535 1512 malta
1557 1456 1699 1513 alacritate
1714 1455 1876 1532 protendam
1894 1468 1953 1512 ma·

311 1550 393 1608 Unde
405 1558 434 1605 et
451 1548 508 1620 ipse
529 1548 630 1605 Paulus
643 1549 681 1603 ait
696 1566 702 1602 :
720 1548 802 1621 Cupio
815 1547 922 1603 dissolri
936 1558 961 1602 et
980 1564 1036 1603 esse
1047 1563 1107 1603 cam
1158 1561 1223 1600 num
1237 1545 1271 1601 ad
1286 1547 1513 1617 compatiendum.

309 1641 430 1697 cirinen.
1195 1634 1280 1702 llnde,
1295 1635 1391 1706 fratres
1404 1638 1656 1705 indiscretionis
1672 1638 1782 1694 calmis
1800 1638 1951 1710 participes.

349 1734 491 1806 Nssqsont
506 1732 576 1788 enirn
596 1729 702 1803 angelos
726 1732 917 1803 apprehendit,
946 1733 992 1787 sed
1019 1749 1107 1788 semen
1158 1726 1478 1797 considerateopostolsnr
1492 1736 1517 1784 et
1538 1729 1688 1809 pontificem
1710 1726 1882 1798 confessionis
1905 1713 1954 1783 noss

310 1825 428 1880 Ahrohoe
437 1821 617 1895 apprehendit.
633 1818 863 1892 Undedehnitper
878 1822 965 1877 omnin
980 1820 1107 1892 fratrilss
1157 1825 1219 1871 strue
1242 1814 1334 1871 Jesarn
1365 1814 1500 1873 Christano
1524 1817 1667 1874 Romnum
1700 1829 1829 1874 nostrane.
1857 1815 1954 1894 hdhuo

309 1914 438 1970 similari.
462 1912 584 1970 lionorat
605 1913 650 1969 hie
672 1911 856 1983 patriarcham
878 1927 979 1986 eosque
1005 1913 1052 1985 qni
1073 1903 1107 1970 de
1157 1907 1241 1961 etiarn
1260 1907 1295 1962 de
1319 1908 1515 1965 incarnationis
1536 1908 1639 1966 Christi
1666 1909 1786 1979 loquitar
1812 1906 1951 1980 mysterio,

310 2004 373 2076 ejus
394 2010 459 2059 sunt
471 2017 581 2074 genere,
596 2002 632 2057 ad
646 2017 715 2073 qnos
730 2001 789 2057 haec
803 2001 922 2072 Epistola
931 2000 1038 2075 'scripta
1052 2010 1104 2058 est.
1157 2012 1222 2053 nam
1244 1997 1271 2052 in
1285 1997 1430 2069 Evangelio
1443 1998 1502 2070 ipsc
1514 2006 1629 2055 ιειιιιιιι
1649 2013 1680 2055 se
1693 2000 1806 2056 missum
1821 2013 1874 2054 non
1890 2012 1953 2054 esse

310 2095 515 2152 Commemorat
527 2108 592 2166 ergo
605 2092 639 2148 de
655 2092 795 2149 beneflciis
817 2091 877 2158 liei,
891 2102 918 2148 et
937 2093 971 2148 de
996 2093 1104 2164 propin·
1121 2084 1211 2147 linisi
1223 2091 1258 2145 ad
1270 2105 1337 2147 oves
1346 2091 1476 2162 perditas,
1491 2094 1544 2149 hoc
1555 2100 1606 2162 est,
1618 2092 1716 2151 domus
1728 2092 1822 2149 lsrael.
1836 2092 1950 2162 Aposto

311 2187 419 2258 quitate
432 2183 535 2243 carnali
550 2185 584 2240 ad
605 2181 752 2250 Christum,
766 2191 794 2239 ει
809 2182 842 2239 de
854 2182 1034 2255 promissione
1048 2198 1109 2256 qum
1159 2181 1202 2237 lus
1221 2180 1302 2253 igitur
1313 2180 1418 2249 Graece,
1434 2182 1531 2239 Latine
1543 2184 1644 2240 missus
1657 2184 1766 2240 dicitur.
1791 2181 1953 2256 Cognoscitis

311 2278 387 2338 dieta
400 2286 443 2335 est
455 2278 488 2335 ad
499 2277 635 2334 domnam
651 2295 657 2331 :
672 2274 730 2331 liti
743 2286 768 2332 et
787 2276 881 2333 semini
896 2285 941 2330 tao
962 2275 1030 2330 daho
1054 2283 1108 2330 ter-
1158 2271 1224 2344 quid
1250 2283 1292 2328 eut
1314 2271 1394 2330 lesus
1417 2275 1546 2331 sacerdos
1560 2284 1589 2333 et
1609 2276 1709 2346 qualis,
1722 2272 1953 2334 &nonhabebitis

313 2390 373 2428 ran
387 2372 467 2427 harre.
493 2368 562 2436 Quia
587 2385 620 2424 ea
636 2385 689 2424 ano
716 2384 815 2423 ornnes.
838 2368 867 2423 ld
884 2377 936 2429 εει,
960 2367 994 2423 ab
1018 2366 1109 2423 hhra·
1159 2364 1423 2433 opusconsolatione
1436 2364 1488 2419 alia
1501 2365 1952 2438 nequesolatio.l’natiiloemenim

313 2463 378 2520 haar
405 2460 531 2517 Christus
557 2460 707 2518 seeundum
731 2473 841 2520 carnem
867 2466 895 2514 et
916 2457 953 2513 illi
979 2458 1012 2514 ad
1040 2471 1109 2529 quos
1159 2469 1221 2510 errm
1235 2456 1304 2513 dixit
1324 2455 1504 2515 mntmrionis
1525 2467 1639 2525 nostrae,
1659 2458 1743 2514 idest
1766 2457 1951 2519 fldeinostrae‚

313 2553 372 2609 trec
386 2550 556 2624 loquebatur.
570 2549 648 2619 Quod
661 2565 727 2606 vero
744 2550 870 2622 superius
883 2550 936 2605 sit:
947 2546 1017 2615 Qsia
1033 2548 1110 2620 pseri
1159 2548 1203 2605 oui
1216 2549 1267 2604 iste
1279 2550 1394 2621 populus
1406 2565 1493 2607 novus
1502 2550 1663 2607 commissus
1678 2558 1729 2615 est,
1742 2550 1813 2606 siem
1827 2557 1855 2605 et
1867 2547 1952 2620 liopsi

313 2642 571 2699 communicaverunt
586 2641 661 2697 carni
675 2650 698 2696 et
721 2642 854 2712 sanquini,
873 2649 898 2697 et
921 2626 975 2712 ipse
988 2640 1111 2696 similiter
1159 2639 1235 2712 prior
1247 2638 1363 2711 populus
1376 2640 1405 2695 in
1422 2641 1541 2710 remmon
1555 2640 1755 2697 datusest:sed
1769 2639 1832 2695 huie
1847 2638 1951 2710 majora

314 2733 481 2806 participavit
507 2732 610 2787 iisdem.
640 2731 803 2803 Exsequitur
826 2731 941 2802 amplius
956 2731 1029 2789 hunc
1048 2747 1110 2791 sen-
1159 2739 1188 2787 et
1201 2730 1280 2802 longe
1292 2729 1406 2787 meliora
1426 2731 1572 2787 commissa
1595 2738 1668 2785 suut.
1685 2729 1749 2788 Vult
1772 2727 1952 2785 euitnbcatas

315 2840 390 2891 sum,
404 2825 477 2882 unde
487 2823 663 2895 participaret
676 2838 787 2880 earnem
809 2830 837 2878 et
859 2823 1030 2894 sanguinem.
1043 2822 1108 2879 ldeo
1159 2822 1260 2880 Paulum
1276 2821 1382 2893 erigere
1394 2822 1499 2878 animos
1513 2821 1696 2880 israelitarum
1713 2818 1748 2876 ad
1764 2818 1951 2876 excellentiam

316 2918 366 2983 ait,
382 2904 436 2971 non
455 2916 524 2972 eninr
546 2930 701 2987 quemquam
714 2916 866 2987 angelornm
887 2914 1068 2987 apprehendit,
1082 2913 1110 2970 td
1159 2912 1370 2987 promissionum
1389 2912 1458 2979 liei,
1484 2920 1515 2968 ut
1540 2912 1644 2969 intente
1669 2918 1765 2986 pareat
1785 2905 1952 2978 reaccipere

315 3017 366 3074 est,
374 3024 430 3065 non
440 3007 584 3081 cujuslibet
596 3006 685 3079 angeli
695 3015 821 3063 naturam
828 3005 956 3077 suscepit,
964 3006 1011 3063 scd
1017 3020 1109 3063 semen
1161 3007 1233 3078 quod
1247 3006 1319 3063 ὓειε
1330 3006 1447 3077 benigne
1459 3003 1516 3062 illis
1527 3005 1653 3077 promisit
1674 3003 1771 3061 afferre
1785 3018 1835 3076 per
1859 2998 1951 3078 lesum

315 3100 432 3155 Abrahae
446 3097 631 3171 apprehendit.
647 3095 706 3154 lion
725 3096 912 3168 enim'angelis
925 3112 979 3152 una
993 3097 1111 3170 dignitas
1160 3098 1299 3157 Christum
1312 3098 1456 3155 Mutinam
1470 3110 1605 3164 nostrum,
1619 3097 1666 3168 qui
1680 3113 1741 3155 eum
1754 3096 1836 3154 Patre
1847 3107 1875 3152 et
1890 3095 1951 3166 Spi-

315 3190 414 3247 donats
428 3199 488 3256 est,
507 3198 538 3245 ut
552 3190 673 3245 inunam
691 3204 836 3261 personam
855 3187 903 3245 Dei
917 3188 1128 3246 etruscorum·
1160 3190 1216 3247 ritu
1229 3198 1325 3246 saneto
1338 3191 1405 3248 vivit
1423 3198 1451 3247 et
1465 3198 1560 3260 regirat
1582 3188 1655 3245 Deus
1678 3203 1727 3261 per
1740 3190 1831 3247 omnia
1855 3185 1953 3245 sautia

317 3291 420 3338 natura
441 3281 661 3353 conjungeretur,
675 3280 724 3336 sed
738 3280 867 3336 honorem
881 3286 911 3336 et
930 3280 1002 3336 hanc
1024 3279 1111 3352 digni·
1161 3284 1331 3340 saeeulorum.
1347 3283 1442 3339 Amen.

317 3381 400 3429 tatem
413 3372 540 3428 humana
552 3377 657 3426 natura
669 3370 741 3426 Deus
753 3369 801 3426 liei
815 3369 903 3426 Filius
911 3369 1068 3434 contribuit,
1080 3378 1110 3426 ut
1454 3372 1596 3431 il0lllLlh
1613 3372 1658 3429 ld.

316 3464 387 3520 lietrs
400 3471 429 3519 ει
442 3462 524 3518 homo
535 3475 587 3516 una
601 3468 673 3516 esset
690 3475 816 3531 persona.
833 3460 922 3529 Quare
935 3460 1004 3517 dixit
1017 3433 1149 3533 appre·c
1423 3482 1448 3521 m
1476 3481 1563 3521 eonerr
1590 3478 1683 3521 resro.

316 3555 427 3613 tendit?
441 3555 505 3627 qnia
520 3568 569 3610 nos
581 3554 659 3624 quasi
671 3552 829 3609 recedentes
844 3553 878 3608 ab
890 3568 923 3609 eo
935 3560 963 3609 et
976 3553 1056 3625 longe
1068 3551 1111 3609 lu·
1215 3556 1309 3613 Lectio
1322 3556 1409 3613 sarreti
1427 3556 1565 3626 Evangelii
1588 3555 1737 3612 seeundum
1758 3554 1901 3612 loannem.

316 3648 421 3719 gientes
431 3645 570 3701 insecutus
581 3642 770 3716 apprehendit,
782 3651 810 3699 et
823 3643 850 3698 in
866 3659 948 3699 unam
966 3659 1109 3715 personam
1206 3646 1241 3702 ln
1264 3646 1311 3703 itio
1332 3656 1446 3718 tempore
1467 3647 1534 3701 diait
1559 3645 1639 3702 loeas
1664 3646 1800 3718 discipulis
1824 3647 1881 3703 sais
1895 3662 1906 3705 .·
1922 3647 1954 3717 Si

316 3745 417 3793 nostrae
431 3734 589 3806 fragilitatis
601 3742 724 3790 naturam
737 3733 789 3790 sibi
803 3737 1025 3806 contemperavit.
1037 3734 1111 3792 Unde
1162 3738 1312 3794 manseritis
1327 3738 1356 3793 in
1371 3754 1413 3793 nae
1433 3747 1458 3794 et
1474 3738 1550 3793 aeris
1572 3756 1631 3795 nea
1649 3742 1676 3795 in
1695 3739 1766 3796 nohis
1791 3740 1935 3795 manserint
1941 3756 1953 3806 ,·

316 3828 417 3893 delenit,
430 3826 528 3898 inquit,
538 3843 584 3898 per
594 3826 683 3881 omnio
697 3824 826 3895 {ratribus
837 3826 960 3881 similari.
976 3826 1046 3896 Quid
1057 3836 1109 3896 est,
1161 3829 1335 3902 quodeunque
1349 3828 1483 3901 uolueritis
1496 3830 1599 3900 petetis,
1619 3841 1644 3886 et
1661 3832 1706 3900 fiet
1726 3831 1806 3887 rolris.

316 3914 460 3970 oecxrrdanv
479 3915 589 3970 omniu?
603 3914 689 3970 Natus
702 3922 755 3981 est,
781 3915 879 3986 inquit,
902 3916 1034 3975 educatus
1052 3935 1111 3994 pre-
1198 3918 1330 3974 llanendo
1355 3920 1454 3990 quippe
1475 3920 1503 3974 in
1530 3919 1640 3976 Christo
1654 3920 1718 3992 quid
1739 3919 1809 3975 velle
1832 3929 1954 3991 possunt,

316 4007 364 4072 rit,
378 4020 479 4077 passus
496 4013 538 4063 est
553 4006 645 4062 omnia
657 4021 718 4077 quae
731 4006 860 4077 oportuit,
878 4008 905 4062 in
919 4007 974 4063 line
989 4018 1112 4067 mortuus
1163 4009 1214 4065 nisi
1229 4010 1301 4080 quod
1315 4011 1442 4066 convenit
1460 4010 1578 4067 Christo.
1591 4010 1660 4078 Quid
1677 4011 1746 4066 velle
1768 4022 1881 4081 possunt
1895 4028 1955 4067 ma-

317 4107 358 4155 est
374 4118 381 4154 :
401 4100 455 4155 lroc
480 4108 523 4155 est
544 4098 692 4156 seeundum
717 4098 809 4154 omnia
833 4098 964 4157 iratribus
986 4102 1109 4159 similari.
1162 4097 1252 4155 nendo
1266 4100 1293 4154 in
1306 4098 1457 4165 Salvatore,
1471 4099 1522 4154 nisi
1535 4100 1607 4169 quod
1622 4098 1741 4155 alienum
1758 4116 1811 4156 non
1824 4109 1895 4155 esta
1911 4117 1956 4156 sa-

317 4191 451 4258 anniarn
475 4190 668 4262 multaqnippe
686 4192 754 4247 dixit
771 4192 805 4247 de
819 4193 962 4263 majestate
987 4194 1072 4267 ipsius
1084 4204 1112 4253 ει
1162 4188 1306 4246 luteiNoc
1326 4190 1399 4245 enim
1416 4198 1509 4261 petere
1525 4189 1629 4257 volunt,
1645 4190 1697 4246 nisi
1712 4190 1784 4262 quod
1799 4191 1908 4261 expedit
1920 4194 1956 4246 ad

317 4282 458 4353 superiore
466 4282 564 4354 gloria,
574 4281 630 4351 jam
645 4282 678 4338 de
691 4282 893 4353 dispensatione
906 4293 996 4340 movet
1007 4301 1111 4342 sermo-
1162 4281 1289 4337 salutem.
1316 4280 1454 4336 llanentes
1469 4290 1559 4337 autern
1573 4281 1600 4337 in
1616 4296 1650 4337 eo
1668 4297 1730 4338 cum
1746 4284 1828 4339 verba
1844 4281 1904 4354 ejus
1928 4283 1954 4338 in

317 4387 388 4437 nem,
409 4382 441 4427 nt
462 4372 679 4444 contemplemur
692 4389 753 4429 cum
773 4384 874 4443 quanta
891 4373 1023 4444 sapientia
1035 4376 1111 4432 iilum
1163 4370 1241 4427 nobis
1255 4379 1378 4438 manent,
1392 4372 1572 4443 quodcunque
1591 4372 1767 4440 voluerimus,
1788 4382 1914 4446 potamus¹
1926 4383 1955 4429 et

316 4463 436 4520 ostendit
447 4461 564 4518 multum
579 4464 698 4519 studium
710 4465 856 4520 habentem
867 4472 897 4520 ut
911 4465 990 4521 nohis
1007 4466 1112 4524 simila·
1163 4461 1210 4517 lrct
1228 4462 1316 4518 nohis.
1336 4462 1405 4531 Quia
1417 4463 1440 4519 si
1454 4464 1571 4535 petimus
1585 4472 1614 4520 et
1624 4480 1678 4519 non
1694 4464 1751 4531 llet,
1767 4482 1822 4521 non
1844 4467 1896 4523 hoc
1908 4483 1955 4538 pe-

317 4562 402 4620 retur,
415 4554 489 4625 quod
503 4554 554 4610 luit
568 4571 662 4611 euram
678 4555 711 4612 de
725 4556 803 4613 uobis
823 4556 968 4626 plurimam
982 4558 1111 4629 gerentis.
1164 4552 1245 4607 timus
1265 4553 1337 4622 quod
1351 4555 1385 4609 ad
1400 4552 1466 4610 illud
1480 4554 1600 4623 pertinet
1619 4562 1649 4610 ut
1665 4564 1774 4610 maneat
1796 4556 1823 4610 in
1840 4569 1890 4622 eo,
1904 4572 1956 4611 nec

319 4643 416 4701 Dicens
428 4645 500 4701 euim
513 4646 657 4715 superius:
675 4646 745 4713 Quia
762 4646 836 4717 paeri
856 4648 1113 4704 communicauerunt
1162 4644 1234 4713 quod
1255 4644 1369 4701 suadent
1381 4647 1463 4701 verita
1481 4644 1540 4714 ejus
1551 4662 1612 4718 quse
1626 4646 1653 4701 in
1676 4647 1755 4703 nohis
1774 4656 1894 4713 manent,
1907 4648 1956 4705 sed

317 4737 390 4791 carni
407 4743 433 4791 et
458 4736 591 4808 sangnini,
610 4745 634 4791 et
657 4737 711 4807 ipse
734 4736 857 4793 similiter
873 4738 1046 4809 participatas
1073 4749 1111 4795 est
1163 4734 1236 4804 quod
1250 4736 1332 4792 hahet
1354 4737 1488 4808 cupiditas
1501 4746 1529 4792 et
1553 4736 1697 4792 indrrnixas
1715 4738 1805 4791 carnis
1818 4751 1879 4805 quae
1900 4754 1954 4791 riou

316 4825 427 4893 iisdem
444 4832 472 4881 et
487 4826 531 4882 liic
555 4826 624 4882 dixit
643 4827 792 4883 secundum
814 4828 905 4884 omnia
920 4827 1051 4885 iratribus
1073 4829 1110 4886 si·
1126 4788 1151 4848 ὓ
1163 4833 1206 4881 εει
1228 4826 1255 4881 in
1270 4841 1315 4893 eo,
1329 4835 1358 4881 ει
1379 4826 1407 4881 in
1429 4842 1483 4895 qua
1506 4842 1559 4881 non
1573 4836 1685 4881 manent
1699 4827 1782 4882 verba
1795 4826 1865 4899 ejus.
1879 4825 1956 4884 Tunc

317 4916 417 4984 mitari,
430 4917 508 4987 quasi
533 4916 625 4973 dicens
640 4935 646 4972 z
662 4916 714 4986 Qui
733 4926 788 4973 tam
801 4934 917 4991 maguus
931 4928 982 4985 est,
1005 4922 1051 4991 qui
1067 4932 1111 4979 est
1163 4920 1236 4974 euim
1260 4918 1375 4974 dicenda
1402 4925 1467 4974 sunt
1489 4915 1574 4973 verba
1597 4917 1656 4990 ejus
1679 4918 1706 4973 in
1730 4918 1809 4974 nohis
1831 4933 1952 4986 ruanere,

316 5008 446 5079 splendor
458 5007 560 5080 gloriae,
576 5009 623 5079 qui
645 5017 688 5064 est
712 5011 856 5066 character
878 5011 1047 5078 substantiae,
1063 5014 1110 5082 qui
1163 5010 1271 5081 quando
1285 5007 1399 5064 iacimus
1412 5023 1472 5078 quae
1483 5008 1610 5080 pracepit
1620 5017 1648 5064 et
1662 5008 1799 5081 diligimus
1816 5024 1877 5079 qua
1891 5024 1956 5079 pro·

317 5100 415 5156 ειεειιΙι
434 5098 509 5165 lecit,
525 5100 572 5171 qui
586 5100 662 5155 sedet
676 5100 703 5155 in
723 5101 835 5158 dextera
848 5101 948 5170 Patris,
961 5103 1013 5160 iste
1026 5104 1110 5160 voluit
1162 5102 1247 5157 misit.
1269 5100 1353 5172 llagis
1369 5100 1508 5172 magisque
1524 5101 1649 5157 Salvator
1662 5104 1777 5175 gratiam
1791 5118 1845 5173 qua
1866 5103 1954 5159 salva·

317 5198 344 5245 et
358 5188 463 5246 studuit
476 5188 564 5246 irater
575 5197 671 5244 noster
682 5188 710 5245 in
722 5190 848 5246 omnibus
862 5189 931 5246 lieri.
1163 5208 1225 5247 mur
1240 5191 1381 5261 discipulis
1401 5192 1536 5263 loquendo
1553 5193 1765 5249 commendans:

351 5277 387 5333 ιιι
400 5279 549 5334 misericors
574 5279 648 5347 fieret
672 5288 697 5335 et
721 5280 807 5349 tidelis
825 5281 944 5351 pontifex
959 5284 994 5337 ad
1016 5283 1109 5339 Domi·
1195 5281 1230 5336 ln
1248 5283 1306 5350 loc,
1318 5282 1416 5353 inquit,
1434 5282 1596 5353 clarificatas
1611 5292 1648 5339 est
1660 5282 1740 5340 Pater
1758 5302 1841 5353 rurus,
1854 5293 1883 5341 st
1895 5284 1954 5356 sru-

318 5383 389 5435 narn,
408 5377 438 5422 art
449 5369 631 5439 repropitiaret
643 5370 739 5425 delicta
752 5371 852 5442 populi.
870 5372 926 5428 Nec
945 5373 1036 5446 itaque
1058 5375 1110 5431 luit
1160 5384 1231 5428 cisni
1250 5372 1392 5443 plurimam
1412 5374 1531 5445 operatis
1544 5385 1568 5428 et
1583 5376 1732 5446 efficiamini
1744 5376 1795 5432 mei
1819 5375 1951 5448 discipuli.

317 5455 368 5512 alia
381 5473 464 5513 causa
481 5457 519 5512 illi
532 5474 581 5529 per
596 5460 688 5515 omnia
700 5459 831 5517 iratribus
841 5463 997 5532 assimilari,
1013 5467 1064 5522 nisi
1078 5477 1109 5523 ut
1161 5463 1191 5519 si
1212 5464 1286 5521 euim
1304 5465 1357 5521 hoo
1380 5463 1473 5535 gloria
1499 5474 1541 5521 est
1560 5464 1651 5523 Patris
1677 5476 1706 5523 ut
1726 5466 1844 5524 fructum
1868 5468 1955 5539 pluri·

319 5549 621 5622 idelispontiiexesset
635 5553 664 5609 in
679 5554 767 5620 nohis,
780 5557 934 5627 nostrisque
948 5559 1109 5630 propitiaret
1161 5572 1234 5613 murn
1259 5556 1404 5615 aderamus
1428 5566 1456 5614 et
1482 5559 1567 5616 simus
1592 5560 1717 5631 discipuli
1745 5560 1868 5627 Christi,
1897 5574 1952 5615 non

319 5641 429 5698 delictis.
1161 5650 1214 5705 hoe
1228 5658 1327 5705 nostra
1351 5649 1444 5724 gloriae
1457 5651 1618 5716 tribuamus,
1640 5660 1770 5722 tauquam
1791 5652 1844 5707 hoc
1855 5665 1889 5706 ex
1903 5665 1952 5706 no·

351 5736 385 5794 ln
403 5755 434 5793 eo
448 5740 519 5793 eninr
532 5738 561 5795 in
571 5756 625 5811 qao
644 5751 787 5811 potensest
802 5743 857 5813 ipse
876 5750 1001 5809 tentatus,
1018 5753 1109 5815 potens
1160 5740 1203 5796 liis
1217 5739 1284 5810 ipsis
1305 5740 1453 5797 habeamus
1470 5759 1477 5796 ι
1492 5740 1551 5811 ojus
1564 5750 1606 5797 est
1626 5742 1771 5798 enirnlram
1791 5739 1899 5812 gratia,
1922 5753 1953 5799 et

318 5835 353 5880 set
367 5829 460 5899 eisqrd
471 5838 617 5896 tentantur,
634 5830 771 5886 nuntiari.
785 5830 819 5886 ln
830 5849 871 5899 ea,
885 5832 912 5887 id
931 5840 975 5889 est
987 5834 1107 5902 homine,
1160 5832 1222 5888 ideo
1241 5832 1269 5887 in
1284 5832 1337 5888 hoo
1351 5848 1405 5890 non
1420 5842 1514 5892 nostra
1534 5835 1582 5892 sed
1599 5834 1658 5906 ejus
1671 5833 1803 5907 gloriari
1818 5848 1872 5903 qun
1885 5848 1952 5907 ergo

319 5914 413 5986 inquo
423 5933 519 5988 passus
530 5927 582 5986 est,
597 5927 696 5991 potens
710 5929 753 5976 est
766 5920 873 5977 vinctos
886 5921 1106 5989 liberareteuta-
1160 5922 1309 5979 efficiamur
1324 5931 1354 6002 ut
1366 5925 1451 5981 simus
1461 5924 1585 5996 discipuli
1598 5923 1711 5991 Christi,
1727 5922 1778 5978 ruisi
1795 5923 1830 5979 ab
1842 5922 1890 5981 illo
1900 5938 1950 5981 eu·

322 6017 416 6081 tosqve
436 6010 564 6082 adiuvare
578 6027 612 6069 ne
626 6013 779 6080 vincantur,
795 6013 858 6083 quia
881 6013 1042 6072 tentationes
1055 6026 1106 6071 rru-
1158 6013 1204 6085 ins
1226 6014 1411 6074 misericordia
1428 6016 1559 6087 praevenit
1579 6016 1657 6074 nobis
1681 6012 1757 6080 velle,
1776 6014 1951 6089 subsequitur
