4500 6842
364 620 416 679 tit
688 619 719 675 ii.
739 616 873 673 ttttttb't
887 614 997 674 tttttm
1016 610 1178 672 tuentur.
1198 612 1353 674 uoobut.
1371 610 1514 671 otendit
1532 612 1623 672 utus
1641 611 1673 671 ll.
1946 615 2004 676 belh

362 734 450 805 gratia
462 734 498 793 ad
512 732 598 791 vitam
609 731 733 806 pnouut
754 738 820 788 sunt
839 738 969 787 aeoeruam
979 769 987 795 ,
999 734 1028 784 et
1042 727 1155 784 ibicum
1168 730 1195 790 Δ
1206 726 1330 785 venimus
1343 726 1378 782 ad
1392 724 1550 797 Speciosam
1573 736 1680 797 portam
1702 723 1810 797 tempu,
1826 733 1859 783 nt
1873 727 2003 799 prostibi-

361 839 422 895 ¹pso
432 824 584 898 manabunt
597 822 624 878 ln
637 821 734 876 sacrm
747 818 918 877 seculorum.
931 817 1027 874 lmen.
1170 851 1174 863 ·
1206 834 1276 884 mus,
1290 820 1404 877 verbum
1427 820 1491 874 uite
1513 818 1658 884 erudiendo,
1681 816 1856 889 intelligendo
1876 818 1957 874 simul
1976 828 2005 876 et

640 909 780 966 ttbutttt
797 908 875 966 citt.
1133 909 1136 913 “
1205 910 1350 979 operando,
1363 917 1391 964 et
1405 908 1439 963 ad
1453 907 1600 979 apostolos,
1611 907 1638 963 id
1651 916 1694 964 est
1708 908 1743 964 ad
1756 922 1851 964 eorum
1866 910 2004 982 esempls,

500 1018 529 1060 ut
540 981 641 1058 notata
657 1015 750 1056 ssttcrr
770 1015 850 1054 rarat
868 1013 1010 1054 scosrout.
1204 1013 1253 1070 per
1272 997 1377 1053 illorum
1393 1006 1549 1053 sanctorum
1572 1011 1760 1054 successorum
1781 998 2007 1069 predicationem

538 1090 632 1147 Lectio
648 1089 763 1145 hctnum
780 1087 975 1157 aptostoiurum.
1205 1086 1259 1144 ilde
1283 1088 1467 1157 respeximus,
1492 1094 1557 1143 tuuc
1577 1087 1690 1143 stabiliti
1712 1096 1740 1143 et
1761 1088 1915 1144 coubnnati
1939 1101 2007 1146 suut

396 1184 431 1240 ln
454 1184 545 1238 dicitu
564 1182 618 1238 illis
641 1181 736 1236 Petrus
754 1190 779 1234 ει
800 1178 917 1234 loannes
938 1178 1111 1233 ascendebant
1125 1177 1156 1233 itt
1205 1194 1315 1251 gressus
1338 1179 1438 1234 mentis
1462 1186 1572 1244 nostra,
1586 1187 1617 1233 ut
1635 1179 1692 1250 jam
1711 1194 1766 1234 non
1787 1180 2006 1239 claudicaremus

360 1277 484 1347 templum
496 1275 532 1329 ati
545 1263 637 1329 hornen
650 1273 778 1327 orationis
792 1287 898 1334 nonem,
912 1278 964 1325 etc.
1158 1307 1161 1322 .
1204 1269 1320 1338 amplius
1330 1269 1357 1324 in
1367 1270 1410 1324 ria
1423 1268 1582 1339 iniquitatis,
1594 1269 1641 1324 sed
1651 1269 1734 1324 rectis
1744 1270 1877 1326 mnarum
1888 1287 2004 1342 operum

394 1364 423 1420 ln
436 1364 551 1421 lectione
562 1362 678 1418 bouum
690 1361 874 1432 apostolorum
889 1375 949 1430 qutae
964 1376 1037 1415 niano
1050 1359 1086 1416 ob
1099 1374 1156 1416 nte-
1204 1356 1342 1426 gressibus
1353 1371 1401 1427 per
1413 1356 1465 1411 iter
1475 1355 1588 1423 justitie
1600 1357 1780 1414 ambulemus.

359 1458 474 1514 moriam
488 1457 626 1511 beatorum
640 1453 823 1526 apostolorum
835 1452 904 1508 lecta
917 1461 969 1515 est,
979 1468 1093 1522 atrorum
1104 1466 1154 1507 nos
1240 1445 1276 1501 tr
1286 1446 1448 1517 apprehense
1457 1445 1555 1501 Petrus
1564 1462 1646 1501 rnunu
1660 1447 1754 1502 dextro
1768 1447 1871 1514 claudi,
1880 1448 2007 1505 allevavit

358 1548 439 1604 bodie
452 1545 574 1601 natalitia
588 1544 743 1600 uenerando
757 1543 948 1615 preveuimus,
961 1543 1074 1597 audistis
1087 1542 1153 1596 clra-
1204 1551 1274 1590 eant.
1288 1534 1361 1591 Beue
1384 1551 1464 1606 quem
1479 1536 1563 1591 verbo
1574 1537 1663 1593 erexit
1676 1538 1759 1594 etiam
1780 1537 1877 1596 dextra
1892 1538 2006 1596 contor-

358 1639 460 1694 rissimi
475 1637 563 1702 nobis,
578 1635 683 1702 Petrus,
697 1636 794 1705 inquit,
807 1644 833 1690 et
844 1634 961 1691 lobnam
979 1635 1154 1689 ascendebant
1206 1634 1254 1691 iil·
1265 1626 1330 1695 quia
1347 1641 1438 1682 sertim
1458 1627 1592 1693 (locellus,
1604 1628 1632 1682 1¹¹
1653 1628 1735 1684 ⁰0td0
1754 1629 1891 1685 audientis
1911 1631 2005 1688 minua

358 1730 386 1784 nr
398 1728 522 1799 temptum
535 1727 673 1782 aetnam
685 1726 930 1781 orarroermnm.
949 1726 1072 1797 sparton
1086 1728 1153 1782 tora
1204 1717 1287 1781 ualet.
1301 1716 1324 1771 si
1348 1731 1402 1772 neu
1422 1717 1504 1773 etiem
1526 1718 1642 1790 proprie
1661 1719 1777 1775 sctum
1798 1720 2005 1778 eumeuieur

359 1836 430 1876 nona
445 1819 574 1890 templum
588 1818 718 1891 ingressi,
733 1818 821 1889 primo
843 1818 980 1884 claudum,
994 1819 1091 1874 deinde
1104 1818 1153 1873 de-
1205 1807 1346 1878 aemulis·

358 1913 440 1969 bilem
455 1912 598 1977 sanabant,
612 1911 711 1967 deinde
725 1911 759 1966 ad
772 1924 912 1982 uesperam
927 1924 1015 1980 usque
1027 1908 1155 1966 laboran·
1239 1896 1275 1952 Et
1295 1897 1402 1952 exilient
1415 1897 1497 1962 stetit,
1511 1905 1535 1953 ti
1548 1895 1710 1964 ambulem,
1725 1908 1751 1953 ἀ
1763 1900 1870 1954 intrarit
1880 1916 1941 1955 Μ
1950 1901 2003 1958 illie

358 2013 408 2069 tes,
424 2003 509 2058 multa
534 2003 673 2058 bominum
697 1999 781 2055 millia
798 2000 883 2055 verlto
901 1998 963 2054 lldei
983 1998 1151 2055 imbuebant.
1204 1991 1233 2046 in
1255 1988 1389 2059 ternplum.
1404 1988 1477 2045 Ordo
1499 1987 1675 2059 perfectionis
1697 1997 1740 2045 cst
1760 1990 1895 2062 egregius,
1911 1992 2002 2062 [trime

357 2092 455 2149 iteret
471 2092 499 2152 tn
514 2092 572 2162 ipso
585 2105 635 2146 ruo
656 2097 718 2146 ortu
740 2088 890 2162 figuraliter
902 2103 933 2145 se
945 2103 1027 2160 agere
1041 2088 1153 2144 demon·
1167 2076 1190 2137 B
1204 2080 1279 2138 ntum
1301 2098 1444 2153 resurgere
1464 2083 1510 2155 qui
1529 2084 1663 2155 iacuerat,
1687 2084 1784 2141 deiude
1805 2086 1859 2141 iter
1879 2085 2003 2156 arripere

357 2182 562 2252 strabant,quia
571 2180 702 2237 Dominus
713 2190 805 2235 noster
813 2179 1045 2251 appropinquante
1058 2179 1151 2234 mundi
1202 2171 1281 2228 bone
1294 2172 1469 2243 operationis,
1484 2183 1512 2230 et
1528 2174 1568 2229 sic
1586 2174 1681 2229 eterni
1702 2175 1777 2244 regni
1792 2173 1906 2243 januam
1919 2175 2002 2231 simul

360 2272 414 2328 hnc
429 2274 456 2327 in
472 2273 544 2327 bunc
558 2271 687 2326 mundum
701 2270 734 2325 ad
756 2269 900 2325 salvandos
913 2283 1008 2325 omnes
1020 2268 1073 2325 sibi
1088 2282 1150 2324 cre·
1202 2278 1264 2320 cum
1278 2264 1379 2320 sanctis
1398 2265 1527 2335 apostolis
1548 2265 1661 2321 intrare.
1684 2264 1758 2326 ldeo,
1773 2265 1872 2321 iratres
1892 2267 2000 2324 charis·

357 2364 454 2419 dentes
477 2369 598 2426 uenerat,
614 2368 642 2417 et
664 2360 800 2432 apostolos
823 2376 886 2417 suos
911 2361 988 2432 quusi
1007 2360 1042 2415 ad
1064 2360 1151 2431 ipsam
1202 2353 1275 2420 strui.
1291 2354 1930 2426 qualescunquebeilsssiwfflmiwsswliifflm
1943 2371 2002 2411 Μ·

356 2467 499 2524 vesperam
519 2452 612 2507 mundi
632 2467 680 2521 per
693 2460 779 2507 totum
793 2452 888 2507 orbem
902 2452 937 2507 ad
952 2451 1150 2507 multitudinem
1201 2444 1316 2500 morium
1337 2444 1516 2510 celebremus,
1542 2446 1734 2516 tiioeletmissle
1756 2446 1883 2503 omnibus
1908 2445 2001 2504 saeculi

358 2543 499 2600 bominum
514 2542 660 2599 docendam
674 2543 781 2599 direxit.
1202 2537 1308 2592 actibus
1321 2537 1380 2592 sine
1393 2536 1482 2608 aliqua
1498 2537 1626 2592 dilatione
1644 2535 1767 2607 giroiectu
1787 2536 1922 2593 bonorum
1936 2552 2002 2607 ope-

393 2633 845 2707 sapientemprofessus
855 2644 969 2690 eutero
980 2634 1072 2690 matre
1084 2650 1150 2700 rurr,
1201 2642 1262 2681 rum
1282 2641 1394 2683 currere
1415 2627 1556 2689 debemus.
1572 2635 1601 2682 et
1614 2626 1727 2684 reddere
1743 2627 1797 2683 iilis
1810 2628 1838 2683 iu
1851 2626 1901 2683 bei
1915 2626 2001 2684 budi-

358 2724 635 2797 hnjuluhutur:quetu
651 2724 908 2797 ponebantquotidie
921 2724 956 2778 nd
969 2734 1072 2795 portant
1085 2732 1152 2778 tert-
1201 2722 1252 2778 bus
1276 2721 1509 2777 honoriticentiam
1533 2721 1668 2787 deltitam3
1694 2722 1741 2791 qui
1764 2722 1844 2779 nobis
1866 2731 1998 2779 aotcrnam

358 2815 396 2888 pli
415 2832 474 2887 que
486 2816 584 2870 dieitur
597 2814 732 2887 Speciosa,
747 2824 776 2869 ut
798 2824 894 2886 peteret
916 2814 1105 2885 eleemosynam
1116 2814 1150 2868 uh
1201 2809 1314 2865 salutem
1328 2825 1376 2881 per
1389 2810 1547 2867 effusionem
1560 2812 1602 2866 sui
1616 2812 1754 2883 sanguinis
1765 2821 1941 2883 pepererunt,
1952 2825 1999 2883 qut

357 2907 547 2962 introeuntibus
561 2907 589 2961 ln
611 2904 745 2977 ternplum.
764 2903 842 2961 Hunc
855 2919 917 2961 cutn
929 2904 1041 2959 vidisset
1052 2904 1150 2959 Petrus
1201 2910 1305 2957 tantam
1329 2902 1446 2957 bustiam
1468 2902 1495 2956 in
1512 2903 1667 2974 semetipsis
1678 2918 1728 2973 pro
1748 2912 1841 2959 nostra
1866 2904 1997 2975 propitia-

357 3011 420 3052 cum
442 2993 545 3052 loanne
568 2995 636 3052 dixit
652 3014 658 3051 :
675 2996 788 3067 respice.
800 2996 835 3052 ht
856 2996 901 3053 ilie
914 2997 1033 3067 respexit
1050 2997 1149 3062 ineos,
1201 2992 1275 3049 tiotie
1286 2991 1398 3050 Domino
1411 2993 1576 3048 obtulerunt
1588 2993 1742 3050 Praesertim
1757 2996 1892 3065 cumipse
1906 2995 1998 3052 Domi·

357 3101 470 3157 speraus
482 3100 511 3141 sc
527 3086 628 3157 aliquid
641 3094 814 3157 accepturum
835 3087 869 3142 ab
882 3086 933 3153 eis,
944 3086 983 3142 ait
996 3097 1085 3143 autem
1098 3087 1151 3143 Pe·
1202 3102 1254 3142 nus
1275 3086 1344 3143 dixit
1359 3086 1393 3141 ad
1408 3086 1469 3143 illos
1483 3106 1490 3142 ε
1504 3086 1556 3154 Qui
1575 3104 1621 3144 eor
1638 3091 1761 3156 honorat,
1772 3106 1813 3144 nse
1831 3091 1958 3157 honorat,
1972 3102 1997 3148 et

357 3184 435 3232 trus:
1200 3169 1303 3247 gui'uor
1317 3177 1426 3254 spernit,
1438 3193 1479 3231 me
1497 3179 1606 3248 sperent
1622 3178 1751 3249 Quisquis
1762 3195 1828 3251 ergo
1842 3181 1936 3237 debita
1948 3199 1997 3239 re-

392 3265 571 3338 hrgentrtmet
584 3280 680 3321 aarum
694 3282 747 3321 non
760 3265 995 3338 ltnheo,aetiguod
1008 3268 1101 3335 haheo,
1115 3269 1149 3324 alo
1200 3265 1341 3320 uenatione
1366 3266 1483 3322 honorat
1512 3268 1648 3337 apostolos
1670 3278 1698 3323 ει
1723 3280 1859 3342 martyres
1882 3271 1997 3338 Chrisd,

356 3359 402 3415 tibi
413 3372 422 3411 .·
433 3359 461 3413 in
471 3358 574 3414 ttondru
583 3357 648 3413 lesu
658 3354 756 3413 Christi
766 3355 901 3415 Nuaureni
909 3376 987 3430 surge
996 3369 1021 3415 et
1031 3360 1148 3416 arnhelm
1200 3355 1337 3413 Christum
1351 3358 1481 3423 honorat,
1494 3373 1576 3428 quem
1592 3359 1686 3431 diligit,
1699 3368 1800 3416 etcum
1814 3362 1882 3432 ipsis
1896 3366 1999 3421 sanctis

357 3450 409 3520 Qui
423 3447 566 3507 conle'stim
585 3450 712 3505 surrexit.
727 3448 757 3505 lu
778 3448 875 3506 claudo
889 3450 941 3506 isto
955 3451 977 3506 si
987 3451 1148 3507 considere·
1162 3417 1184 3479 C
1200 3448 1329 3520 apostolis
1347 3458 1429 3519 atque
1445 3450 1628 3521 martyribus,
1642 3450 1777 3523 simulque
1794 3468 1858 3509 eum
1871 3456 1999 3512 omnibns

356 3540 1150 3613 musmysticasacramentaeognoscirnuspraeostensa,l>er
1200 3546 1302 3605 sanctis
1333 3555 1442 3602 aeternae
1467 3544 1642 3602 beatitudinis
1665 3548 1776 3618 praemia
1803 3558 1998 3621 consequetur,

358 3631 514 3705 Speciosam
528 3641 632 3702 portam
644 3633 737 3703 templi
748 3632 793 3688 ubi
806 3633 857 3689 iste
869 3633 980 3690 claudus
991 3635 1148 3701 satiabatur,
1200 3638 1332 3709 largiente
1344 3639 1458 3695 manino
1470 3646 1562 3695 nostro
1576 3638 1640 3697 lesu
1661 3640 1779 3707 Christo,
1794 3644 1839 3699 cui
1854 3652 1897 3700 est
1910 3646 1998 3702 bonor

356 3722 539 3793 euangelicam
549 3735 691 3791 possumus
700 3722 851 3796 intelligere
863 3723 1150 3796 praedicationemper
1202 3739 1231 3785 et
1244 3730 1329 3803 gloria
1342 3746 1393 3804 per
1404 3731 1565 3788 immortalia
1579 3734 1688 3788 secula.
1702 3734 1800 3791 dmcn.

356 3826 437 3884 quam
459 3810 588 3883 templum
604 3811 666 3879 Del,
682 3812 710 3868 id
723 3821 767 3869 esi
783 3811 884 3871 Chrisli
897 3814 1018 3871 Ecclesia
1033 3817 1149 3887 spitiltlli
1257 3858 1273 3881 ,
1475 3842 1616 3899 nomm
1634 3842 1722 3899 cvm·

356 3899 556 3970 pulchritudine
577 3898 731 3956 «laceratur.
754 3900 784 3955 ln
803 3917 856 3973 qua
871 3904 916 3973 qul
936 3913 1036 3960 tuente·
1048 3904 1150 3961 debiles
1448 3929 1482 3969 tn
1498 3927 1609 3968 sousa
1629 3929 1745 3970 russo.

355 4006 405 4063 per
420 3990 604 4047 inlldclitatem
624 3999 652 4047 et
670 3992 852 4061 ignorantiam
866 3995 984 4051 nominis
996 3994 1097 4052 Christi
1109 3997 1150 4052 si·
1268 4003 1362 4059 Lectio
1371 4003 1458 4061 sancti
1469 4002 1607 4071 Evangelii
1620 4003 1768 4058 secuudum
1778 4001 1926 4059 ioannem.

356 4084 412 4139 ntul
421 4092 449 4140 ct
461 4086 551 4141 anima
563 4086 651 4143 claudi
664 4096 737 4155 sunt,
749 4088 898 4145 remedium
909 4089 1004 4147 salutis
1014 4092 1151 4162 accipiunt
1234 4093 1268 4149 ln
1280 4093 1326 4149 iilo
1344 4104 1470 4163 tempore,
1481 4091 1550 4147 dicit
1563 4090 1643 4148 laus
1653 4090 1735 4148 Petro
1745 4105 1755 4147 .·
1765 4090 1859 4149 δίηοιι
1871 4094 1992 4154 termis

354 4188 405 4245 per
431 4174 612 4246 evangelicam
637 4176 738 4233 Christi
762 4178 992 4251 praedicationem.
1028 4180 1150 4251 lienique
1198 4184 1286 4257 diligit
1303 4200 1344 4238 nae
1359 4182 1419 4254 plur
1438 4180 1752 4250 hirilliciteiriitictn,
1765 4182 1891 4249 Domine,
1905 4184 1993 4239 turcia

355 4264 484 4336 Speciosa
504 4264 550 4319 illa
571 4273 649 4335 porta
663 4266 766 4338 templi,
783 4282 864 4337 quam
879 4268 997 4325 diximus
1010 4268 1148 4341 evaugeli-
1197 4274 1261 4347 quia
1276 4289 1336 4327 amo
1351 4281 1384 4328 tr.

355 4369 416 4411 eam
442 4353 660 4424 predicationem
683 4354 806 4427 intelligi,
830 4354 955 4412 claudum
977 4357 1101 4427 suscipit,
1120 4357 1149 4413 id
1233 4362 1367 4419 Virtutem
1384 4360 1462 4417 nobis
1474 4359 1623 4431 perlectam
1636 4360 1788 4419 dilectionis
1802 4376 1927 4433 presens
1940 4361 1991 4420 tte-

356 4448 399 4498 est
421 4440 585 4508 incredulos,
607 4449 635 4499 et
648 4441 784 4515 integrum
808 4443 907 4510 reddit,
920 4445 984 4501 dum
998 4445 1033 4503 ad
1049 4460 1148 4517 perpe-
1198 4453 1265 4508 mini
1284 4452 1369 4508 nostri
1389 4450 1564 4522 interrogatio
1583 4451 1713 4517 ostendit,
1726 4451 1849 4523 perlecta
1866 4452 1942 4509 enim
1955 4453 1992 4509 di

355 4543 430 4592 tuam
453 4533 598 4590 nutarem
619 4533 718 4589 auimae
741 4532 802 4592 illos
821 4536 1029 4603 commovendo,
1050 4537 1150 4593 esbar-
1197 4541 1279 4599 lectio
1294 4547 1348 4607 est,
1363 4540 1620 4612 quailominumex
1641 4548 1699 4597 toto
1713 4542 1805 4607 eorde,
1821 4550 1880 4598 tota
1892 4542 1992 4607 anima,

356 4626 438 4683 tando
450 4633 477 4682 et
492 4625 613 4682 docendo
633 4626 859 4697 perducitasicut
879 4626 991 4685 claudus
1012 4629 1063 4685 iste
1086 4645 1149 4686 cum
1198 4641 1255 4689 tota
1278 4632 1389 4697 virtute,
1404 4630 1557 4701 proximum
1579 4639 1670 4687 autem
1692 4639 1823 4702 tauqusm
1846 4646 1900 4688 nus
1922 4633 1993 4704 ipsas

354 4726 427 4774 essct
456 4718 491 4774 ad
509 4716 665 4789 Speciosam
690 4725 797 4789 portam
825 4719 917 4790 templi
948 4721 1096 4791 respiciens
1119 4722 1149 4778 in
1161 4722 1310 4811 „diligere
1318 4720 1493 4805 intentaret
1503 4729 1597 4775 neutra
1610 4720 1708 4775 barum
1720 4719 1900 4777 dileetiosine
1910 4722 1992 4777 altera

355 4806 465 4862 Petrum
487 4815 516 4862 et
538 4804 670 4864 loannem
689 4801 794 4878 accepit
822 4807 976 4876 sanitatem,
996 4810 1035 4866 ita
1051 4820 1079 4869 et
1099 4827 1149 4869 nos
1199 4808 1845 4879 valetesseperiecta‚quianec1ieusveresiae
1857 4811 1991 4881 prestun,

356 4898 442 4953 claudi
464 4907 610 4969 antequam
630 4900 785 4957 veniremus
815 4901 1038 4975 adagnitionem
1066 4904 1148 4962 libri·
1199 4917 1249 4958 nee
1262 4901 1321 4958 sine
1336 4902 1468 4956 beurere
1481 4908 1572 4971 potest
1581 4900 1721 4971 proximus
1733 4901 1833 4956 amari.

355 4988 401 5054 sti,
414 5001 479 5043 vere
496 4986 584 5043 ebudi
600 4990 797 5061 eramusque
822 4992 849 5048 in
871 4993 916 5049 ria
939 4993 1052 5065 justitiae
1074 4997 1148 5053 elau
1233 4987 1993 5061 Dieteifflarceugnorrneor.hesiapemdiecmbaer

356 5077 521 5133 dicebamus.
564 5075 788 5136 claudicabamus
818 5089 908 5137 auum
939 5097 995 5138 uon
1026 5087 1149 5157 eorporis
1198 5081 1256 5137 sola
1269 5090 1296 5137 et
1311 5095 1377 5136 vera
1396 5088 1439 5137 est
1450 5080 1573 5151 probatio
1591 5082 1688 5153 integri
1705 5082 1733 5137 in
1748 5081 1863 5138 Domino
1880 5084 1993 5150 amaru,

355 5181 460 5239 gressu
475 5166 522 5223 sed
546 5166 659 5224 internae
674 5169 905 5229 mentisertessu.
929 5171 980 5240 Qui
998 5176 1070 5229 renim
1083 5176 1149 5233 alie-
1198 5172 1221 5228 si
1233 5186 1299 5243 erga
1317 5170 1416 5228 iratres
1433 5172 1570 5228 studueris
1584 5187 1646 5228 cum
1667 5172 1849 5229 sollieitudine
1863 5188 1995 5231 nucero

356 5272 408 5312 nus
437 5262 479 5310 est
499 5270 516 5309 a
539 5256 593 5320 via?
612 5254 787 5325 iustitiae,·a
814 5260 858 5315 tia
882 5261 1025 5329 tenutis,
1052 5263 1080 5317 id
1104 5273 1147 5320 est
1199 5259 1316 5317 labores.
1333 5260 1403 5316 llam
1421 5262 1576 5333 quicunque
1596 5260 1675 5317 tratri
1695 5277 1764 5333 opos
1783 5263 1909 5334 pietatis,
1923 5266 1994 5334 qrtod

356 5363 371 5403 a
386 5346 439 5403 ide
452 5354 481 5403 ει
491 5345 627 5419 agnitione
638 5346 738 5404 Christi
750 5348 811 5405 Filii
825 5349 872 5406 liei
886 5351 950 5416 riui,
965 5352 1010 5408 bic
1022 5356 1147 5424 quamvis
1200 5350 1279 5416 ualet,
1292 5351 1447 5421 impendere
1457 5352 1578 5423 negligit,
1592 5352 1762 5423 miuusJoste
1776 5368 1806 5408 se
1820 5354 1994 5414 conburere

357 5449 445 5496 rectos
458 5440 540 5510 pedes
556 5441 677 5509 corporis
691 5441 798 5509 babent,
812 5450 885 5498 totus
898 5441 1008 5499 cbudus
1022 5446 1147 5516 esgqnta
1199 5440 1309 5512 diligere
1321 5441 1451 5506 ostendit,
1463 5442 1541 5511 cujus
1555 5442 1682 5498 mandate
1696 5444 1724 5498 iu
1736 5446 1917 5501 sustentanda
1931 5461 1995 5515 pro·

356 5539 447 5587 mente
459 5536 488 5585 ει
501 5531 590 5585 anima
600 5528 741 5600 claudicat,
755 5532 808 5587 iter
820 5531 893 5587 enim
904 5532 966 5588 lidei
980 5548 1013 5589 ac
1022 5535 1146 5590 veritatis
1198 5531 1266 5585 sint
1280 5532 1442 5587 necessitate
1455 5535 1611 5589 contemnit.

355 5619 383 5675 in
396 5618 548 5675 obeditione
559 5629 753 5691 preceptorum
762 5620 874 5688 Christi,
885 5637 938 5679 nou
952 5624 1072 5694 gestibus
1085 5632 1146 5679 tau·
1234 5619 1303 5674 llicit
1317 5622 1341 5674 ei
1350 5622 1444 5675 iterum
1453 5635 1463 5674 :
1473 5622 1566 5677 Simon
1579 5623 1701 5692 louhen,
1712 5641 1788 5681 unm
1800 5626 1861 5681 utel
1875 5627 1919 5683 hit
1929 5628 1994 5685 ilii:

355 5718 412 5766 tttm
425 5711 547 5782 corporis
558 5711 702 5778 inceditur,
713 5712 761 5767 sed
772 5711 894 5781 gestibus
906 5712 1005 5769 mentis
1020 5713 1143 5769 internae.
1198 5710 1297 5778 Etiam,
1316 5713 1442 5780 Domine,
1455 5726 1484 5769 ta
1496 5716 1546 5770 rcir
1558 5719 1621 5788 omn
1634 5735 1696 5773 aruo
1707 5728 1742 5775 te.
1761 5718 1856 5776 Sintun
1873 5737 1997 5793 namque

356 5800 431 5859 iludc
444 5819 497 5859 uon
510 5803 619 5860 dubium
633 5811 691 5872 cst,
704 5804 767 5875 quia
780 5803 881 5858 dudum
898 5802 1144 5861 claudicabamusa
1197 5804 1328 5868 obediens,
1349 5804 1467 5861 loanms
1488 5808 1586 5863 dicitur
1607 5808 1657 5864 liei
1675 5812 1771 5880 gratie,
1795 5818 1824 5867 et
1845 5824 1995 5884 propterea

353 5895 396 5946 ria
418 5891 540 5963 iustitie,
554 5907 615 5947 cum
636 5907 731 5949 rerarn
753 5890 823 5946 riam
838 5890 933 5947 solutu
944 5906 978 5947 ae
989 5892 1051 5947 vieo
1065 5891 1145 5948 Cbri·
1197 5902 1272 5950 recte
1287 5895 1390 5965 primus
1403 5897 1584 5967 apostolorum
1597 5914 1659 5954 cum
1673 5901 1707 5955 de
1725 5915 1820 5957 amore
1831 5915 1885 5957 suo
1898 5904 1993 5973 requi·

355 5987 426 6039 stunt
436 5985 578 6041 bominum
590 5993 712 6042 nostrum
725 5983 918 6041 nesciebamus.
934 5983 987 6041 Sed
1001 5993 1079 6056 postu
1100 6001 1143 6040 arn
1197 5986 1268 6042 ritur
1289 5984 1381 6042 Sirnon
1396 5986 1518 6056 loattuis,
1535 5990 1561 6046 id
1576 6000 1617 6046 est
1630 5990 1760 6048 obediens
1773 5991 1820 6048 ilci
1833 5993 1928 6062 gratia
1944 6007 1995 6051 ro-
