4500 6842
309 673 359 733 tlt
793 671 969 729 coruunt.
990 671 1023 726 tn
1044 670 1271 727 Ezbtttttttttttt.
1292 701 1326 709 -
1346 668 1409 723 tttt.
1430 669 1451 723 l.

1892 668 1943 724 led

310 785 388 841 tertio
400 782 461 836 letor·
475 778 630 850 postulastis
642 779 674 833 dc
684 763 831 835 'Ezcclriele
844 781 1008 851 inpraesenti
1022 796 1103 849 opus·
1117 784 1142 841 Α
1155 781 1228 845 barn,
1238 788 1266 834 et
1279 794 1372 833 corum
1389 777 1537 833 sententias
1550 786 1630 846 prout
1644 776 1694 847 ipsi
1711 793 1756 832 eas
1768 778 1941 848 protulerant
2031 843 2034 850 Ι

307 874 379 937 culo,
392 879 472 942 prout
494 869 639 923 intirmitas
662 869 783 937 corporis
806 880 834 924 et
856 870 978 941 parvitas
1001 870 1102 940 ingenii

307 967 382 1031 sinit,
394 962 548 1029 coniectum
567 961 689 1027 habetis,
708 960 758 1015 leci
782 961 854 1015 enim
878 977 930 1015 non
945 962 1022 1031 quasi
1046 975 1103 1015 suc·

305 1071 400 1113 sessor
420 1068 496 1124 papae
509 1050 630 1119 Gregorii
649 1058 676 1102 et
691 1050 851 1119 praedicator
864 1049 950 1120 plebis
964 1050 1021 1115 Dei,
1040 1066 1103 1120 sup-

305 1144 404 1219 plendo
416 1143 468 1197 boe
480 1141 552 1210 osted
567 1140 610 1194 illc
623 1139 793 1194 homiliarum
809 1140 963 1195 conditione
975 1139 1102 1211 populum

304 1238 407 1293 doeens
423 1233 572 1298 inchoavit,
584 1240 611 1286 et
623 1242 713 1285 tamen
729 1247 814 1300 namne
826 1232 859 1287 ad
875 1231 955 1287 tinem
966 1235 1103 1303 propbeta

304 1343 358 1384 uon
374 1325 519 1396 perduxit:
535 1324 583 1378 sed
598 1323 675 1393 quasi
696 1323 818 1378 imitator
835 1332 862 1379 et
879 1323 1035 1393 discipulus,
1050 1342 1103 1381 non

305 1418 393 1474 smum
409 1415 494 1487 ipsius
505 1413 649 1468 memorati
663 1428 749 1483 papae,
763 1414 810 1468 sed
828 1425 854 1468 et
870 1414 985 1469 aliorum
997 1424 1105 1471 sruaeto·

305 1524 366 1594 rurp
376 1508 519 1562 doctorum
533 1504 646 1573 vestigia
657 1503 806 1574 sequendo.
820 1502 944 1559 Coudcns
954 1520 1021 1575 opus
1032 1507 1104 1576 quod

305 1599 437 1672 rogastis,
453 1613 507 1652 non
532 1603 635 1649 tantum
656 1594 682 1649 in
706 1603 854 1649 extremam
875 1602 991 1665 partem,
1007 1598 1054 1651 sed
1076 1597 1103 1651 in

305 1703 393 1750 totum
407 1692 584 1763 prophetam.
599 1697 628 1742 et
648 1687 815 1758 singulorum
830 1688 970 1743 doctorum
994 1697 1103 1743 sentcn-

305 1787 371 1850 tias,
384 1798 499 1856 quorum
523 1781 595 1835 dicta
609 1779 661 1849 legi
678 1793 727 1849 per
742 1777 847 1849 singula
863 1778 932 1843 loca,
947 1778 1026 1834 simul
1041 1794 1103 1833 curn

304 1886 372 1933 nota
383 1873 526 1930 nominum
540 1886 645 1935 eorum,
660 1869 749 1940 posui.
771 1870 847 1937 Quod
863 1878 953 1924 autem
969 1869 1035 1923 milri
1060 1868 1102 1923 iu-

305 1982 391 2038 super
404 1964 495 2019 diriua
510 1962 598 2032 gratia
623 1961 786 2030 investigare
807 1960 952 2024 concessit,
969 1959 1048 2014 sinml
1062 1960 1103 2014 in-

306 2056 440 2128 terposui.
457 2054 491 2109 Et
502 2054 572 2109 sieut
583 2051 708 2107 leremiae
722 2060 866 2106 tractatum
879 2052 906 2105 in
920 2052 1012 2122 viginti
1026 2051 1103 2108 libris

1154 867 1313 939 opportunis
1328 865 1393 925 locis
1408 866 1488 922 simul
1502 882 1564 922 eum
1577 876 1638 921 nota
1656 869 1794 923 nominum
1809 884 1902 923 cerunt
1917 870 1944 924 in
1973 933 1975 937 ,

1153 962 1290 1032 opusculis
1307 959 1376 1017 meis
1394 961 1628 1031 interposueram?
1643 961 1726 1034 lingis
1740 958 1815 1017 euiut'
1827 964 1893 1018 milri
1910 965 1946 1018 ri-

1154 1053 1268 1107 debatur
1281 1051 1390 1107 salubre
1402 1066 1462 1106 esse
1478 1060 1507 1105 ut
1519 1052 1698 1107 bumilitatem
1715 1068 1827 1108 servans
1838 1064 1945 1111 sancto·

1154 1160 1214 1199 runt
1232 1143 1342 1198 l‘ntrnm
1356 1142 1487 1198 doctrinis
1502 1144 1644 1209 inniterer,
1658 1160 1739 1214 qtram
1751 1159 1799 1214 per
1813 1160 1943 1217 arrogan-

1155 1234 1231 1298 tium,
1252 1233 1329 1302 qnasi
1343 1233 1479 1303 propriam
1495 1232 1600 1287 landem
1624 1236 1779 1303 quaerendo,
1796 1252 1854 1290 rnen
1871 1236 1946 1291 inde-

1154 1336 1247 1383 center
1269 1326 1429 1395 proferrent,
1452 1327 1560 1396 qttnndo
1578 1328 1630 1383 boc
1652 1344 1764 1383 summac
1787 1330 1947 1386 humilitatis

1154 1415 1333 1485 exemplaret
1348 1418 1476 1487 uragister
1494 1417 1550 1487 ipse
1568 1418 1696 1473 Dominus
1712 1417 1864 1475 iaciendum
1879 1437 1946 1491 quo-

1155 1509 1298 1565 dauunodo
1313 1524 1362 1563 suo
1374 1509 1498 1578 exenrplo
1511 1511 1608 1565 docere
1620 1511 1753 1578 rideatur,
1766 1513 1811 1582 qni
1823 1514 1850 1567 in
1862 1513 1947 1568 Eran-

1154 1600 1224 1672 gclio
1253 1609 1348 1656 contra
1376 1599 1483 1655 ludaeos
1511 1601 1663 1658 incredulos
1690 1612 1717 1658 et
1748 1605 1946 1675 vituperatores

1154 1707 1218 1746 suos
1232 1692 1373 1762 disputans
1388 1693 1426 1745 ait
1437 1690 1527 1763 (loon.
1541 1694 1588 1764 ru)
1602 1712 1609 1747 ι
1624 1693 1675 1760 Qun
1686 1696 1846 1767 eremetipse
1859 1697 1944 1769 loqu?-

1153 1791 1208 1847 tur,
1221 1783 1353 1852 propriam
1367 1782 1480 1853 plurium
1492 1785 1603 1849 querit,
1622 1787 1667 1855 ptri
1681 1796 1768 1840 antem
1780 1791 1873 1857 querit
1887 1788 1944 1860 plo·

1154 1871 1221 1923 rium
1237 1870 1352 1940 ejusqui
1371 1872 1441 1925 ntisit
1454 1871 1539 1938 ilium,
1558 1874 1600 1927 bic
1613 1891 1692 1928 verax
1713 1885 1760 1941 est,
1772 1886 1797 1931 et
1817 1877 1948 1947 irrjnstitiu

1154 1962 1181 2014 in
1206 1961 1251 2014 illo
1275 1978 1327 2015 non
1349 1972 1396 2014 eat.
1420 1961 1496 2017 Unde
1516 1963 1677 2018 nobilissimi
1698 1964 1835 2033 doctores,
1852 1968 1948 2024 beatus

1154 2051 1280 2107 uidelicet
1294 2052 1482 2123 Hieronymus,
1496 2065 1577 2125 atque
1596 2056 1773 2127 Augustinus,
1787 2074 1837 2115 neo
1855 2076 1908 2115 nou
1920 2070 1946 2115 et

306 2149 504 2212 cotrsnmntarb
523 2148 562 2203 sie
575 2155 602 2201 et
616 2146 696 2201 istum
711 2146 809 2200 colem
822 2160 935 2201 numero
947 2148 1099 2211 terminari,
1117 2132 1140 2190 Β
1154 2145 1199 2198 alii
1213 2145 1347 2209 similiter,
1360 2147 1533 2201 inueniuntur
1548 2164 1600 2202 uon
1615 2148 1701 2204 sulum
1714 2165 1854 2205 sacrorum
1864 2152 1948 2207 libro·

305 2225 403 2312 petens
427 2238 557 2294 lectorem
575 2246 603 2291 ut
625 2252 679 2292 non
702 2237 812 2292 taediose
833 2238 948 2309 accipiat
965 2238 1105 2309 prolixita-
1157 2250 1215 2288 rurn
1232 2234 1394 2290 testimoniis
1407 2251 1455 2289 sua
1471 2238 1571 2305 scripta
1586 2238 1711 2308 probare,
1726 2242 1772 2295 sed
1786 2242 1869 2295 etiam
1882 2258 1947 2311 prac-

309 2342 362 2387 tcm
384 2328 464 2398 hujus
482 2326 583 2398 operis,
596 2326 644 2381 scd
664 2325 735 2396 legat
750 2327 812 2381 iude
827 2342 858 2381 ca
875 2342 935 2396 quac
952 2327 1002 2381 sibi
1018 2326 1105 2397 elege—
1156 2323 1308 2378 cedentium
1325 2323 1435 2380 Patrum
1454 2328 1534 2383 dictis
1555 2343 1616 2384 suas
1632 2331 1783 2386 sententias
1803 2332 1946 2396 roborarc;

307 2423 353 2488 rit,
376 2422 400 2477 si
422 2430 508 2477 totum
535 2419 624 2489 legere
647 2418 811 2489 despexerit,
835 2418 925 2473 sciens
950 2420 1021 2488 quod
1050 2435 1104 2473 non
1156 2423 1334 2483 quatennseo
1355 2417 1506 2487 acceptiora
1530 2433 1623 2472 eorum
1649 2421 1777 2489 opuscula
1798 2420 1947 2492 legentibus

308 2512 470 2574 inconsulte,
485 2511 532 2567 sed
548 2509 633 2580 magis
656 2508 758 2563 utiliter
772 2510 824 2564 boc
847 2509 968 2564 iecerint.
992 2508 1060 2575 Quia
1081 2508 1102 2563 si
1155 2505 1255 2573 forent,
1269 2523 1323 2578 uuo
1348 2508 1464 2563 certiora
1479 2524 1511 2564 ac
1526 2509 1647 2565 firmiora
1667 2526 1716 2582 per
1736 2513 1848 2568 idoneos
1863 2522 1948 2570 testes

308 2606 378 2661 ultra
393 2605 502 2660 modurn
518 2602 643 2659 brevitati
658 2604 778 2667 studens,
792 2617 823 2657 ca
839 2618 898 2671 utrm
914 2602 998 2657 sancti
1011 2604 1105 2657 docto
1155 2614 1187 2654 ea
1199 2615 1259 2656 csse
1274 2602 1485 2657 considerarent.
1501 2602 1540 2657 llli
1550 2603 1622 2658 enirn
1634 2604 1679 2673 qui
1691 2603 1798 2660 laudem
1810 2616 1945 2676 qnoernnt,

309 2714 352 2754 res
376 2698 532 2754 necessaria
558 2694 710 2767 legentibus
733 2695 792 2750 sore
811 2695 979 2765 judicabant,
1002 2695 1103 2750 intacta
1155 2698 1183 2745 et
1197 2705 1227 2746 sc
1238 2692 1272 2746 ab
1286 2692 1441 2747 bominibus
1453 2694 1538 2747 rideri
1551 2702 1692 2765 appetunt,
1707 2682 1811 2751 dictent
1827 2697 1868 2751 rel
1882 2699 1946 2752 scri-

309 2789 493 2861 praeterirem,
512 2787 625 2843 forsitan
649 2788 720 2843 scire
745 2788 898 2843 uolentibus
920 2787 1103 2844 dillicnltatem
1154 2782 1221 2837 bunt
1243 2782 1373 2853 qtridqnid
1389 2784 1530 2847 volueriut,
1546 2794 1574 2840 ct
1599 2783 1755 2842 laudatores
1780 2804 1844 2844 suos
1865 2800 1946 2859 atqrre

309 2880 458 2951 prophetici
483 2880 543 2936 libri
564 2880 650 2951 magis
672 2896 798 2936 nocerem
820 2896 901 2951 qttam
924 2882 1101 2950 prodessem:
1155 2874 1311 2929 adulatores
1325 2876 1502 2945 undecunque
1512 2877 1618 2946 possint
1633 2876 1683 2931 sibi
1697 2878 1840 2949 acquirant
1855 2897 1862 2933 :
1876 2879 1943 2934 ltili

309 2975 447 3029 nonenim
464 2972 628 3043 omniaque
645 2972 706 3027 iude
721 2973 842 3042 exposita
857 2973 945 3041 reperi
960 2974 1003 3027 bie
1014 2973 1102 3043 posui,
1155 2975 1241 3020 autem
1255 2964 1388 3019 adterere
1402 2964 1456 3020 beo
1474 2966 1546 3019 omni
1563 2974 1683 3035 ternpore
1696 2967 1759 3022 ritae
1769 2982 1835 3021 tuear
1850 2969 1944 3021 bonum

310 3063 356 3119 scd
376 3063 565 3119 tantummodo
582 3078 615 3119 eu
633 3079 693 3136 qttae
714 3064 776 3119 inde
797 3064 950 3120 necessaria
964 3063 1022 3119 iore
1031 3064 1103 3133 judi·
1153 3068 1201 3123 eat,
1213 3067 1237 3111 et
1253 3074 1347 3127 ponere
1359 3057 1510 3114 indomine
1526 3058 1660 3129 lleospem
1674 3077 1768 3114 nerunt.
1791 3058 1824 3113 Ut
1840 3077 1945 3115 nutriun-

310 3157 377 3211 cari.
402 3154 580 3227 Septuaginta
601 3171 665 3210 rere
686 3156 832 3211 editionem
846 3155 874 3209 in
888 3155 1024 3225 plerisque
1037 3155 1104 3212 locis
1153 3149 1214 3202 tiem
1228 3165 1315 3203 orrtnes
1326 3146 1418 3204 tonus
1427 3149 1484 3219 eires
1496 3150 1522 3203 in
1533 3151 1614 3219 portis
1625 3150 1689 3218 filiu
1701 3149 1833 3223 Sioans.
1849 3153 1945 3223 trxrr);

310 3247 403 3310 omisi,
421 3246 467 3301 ubi
489 3262 549 3301 earu
575 3244 699 3301 videlicet
720 3260 821 3315 ponere
840 3261 894 3300 non
920 3245 1103 3301 necessarium
1155 3242 1182 3295 in
1196 3241 1247 3296 illis
1259 3241 1385 3296 videlicet
1398 3241 1484 3312 portis
1496 3244 1528 3296 de
1541 3242 1639 3311 quibus
1653 3245 1836 3314 scriptumest
1850 3264 1856 3298 :
1872 3245 1950 3299 denti

312 3337 474 3398 arbitrabar,
490 3344 653 3406 pracceptum
666 3336 739 3390 beati
760 3334 918 3405 llieronyrui
936 3337 962 3390 in
977 3336 1028 3391 boc
1044 3335 1102 3404 ipso
1152 3333 1198 3402 qui
1211 3332 1345 3386 untbnlont
1360 3334 1387 3385 in
1402 3333 1500 3386 sertririr
1519 3333 1588 3399 nita,
1599 3343 1623 3387 et
1641 3350 1687 3404 per
1705 3345 1795 3405 porrus
1815 3337 1945 3389 introeunt

313 3426 468 3490 observans,
481 3426 573 3496 quide
587 3426 763 3495 interpretum
787 3426 981 3497 disceptatione
994 3426 1019 3480 in
1033 3424 1102 3482 libro
1154 3426 1182 3478 in
1192 3425 1321 3479 ciuitatem
1334 3424 1425 3496 (Aper.
1436 3428 1502 3496 xxti)
1513 3442 1520 3490 ;
1532 3427 1830 3497 quatenusperreniant
1842 3428 1876 3480 ad
1888 3425 1948 3479 illas

314 3517 395 3585 primo
411 3524 546 3573 tractatus
557 3516 585 3571 in
599 3516 696 3571 isaiam
712 3518 882 3587 proplietam,
896 3518 933 3572 ita
948 3517 1032 3572 dicit:
1048 3535 1057 3569 r
1072 3518 1101 3572 ln
1156 3524 1247 3585 portas
1270 3513 1420 3571 Jerusalem
1444 3515 1574 3581 celestis,
1590 3516 1622 3570 de
1646 3515 1744 3585 qrribus
1769 3531 1816 3586 per
1837 3514 1945 3571 Psalrtri-

316 3607 480 3675 trptositioue
502 3616 656 3661 sanctarum
679 3606 880 3677 Scripturarnnt
898 3610 1038 3662 veritatem
1054 3609 1103 3663 de·
1155 3614 1224 3659 stam
1249 3605 1348 3659 dicitur
1361 3623 1366 3655 :
1381 3604 1488 3669 Lundu,
1509 3604 1669 3670 Jerusalem,
1693 3599 1846 3670 bantinum,
1866 3605 1945 3669 londo

317 3696 404 3753 lentus
417 3699 507 3769 sequi,
520 3714 573 3753 non
587 3700 801 3766 contentionum
819 3719 829 3751 a
843 3700 888 3769 qui
902 3710 930 3755 et
945 3701 972 3754 in
987 3709 1103 3755 tractatu
1155 3693 1239 3748 Deum
1251 3704 1335 3759 tunrrt,
1348 3692 1552 3764 Simnpuoniunt
1562 3693 1715 3761 confortarit
1728 3712 1800 3748 serus
1810 3705 1945 3764 portarurn

319 3786 460 3854 l'aecbiclis
480 3792 516 3844 ita
536 3792 592 3845 ait:
607 3810 617 3842 r
632 3790 773 3848 lectorem
793 3793 927 3847 admoneo
942 3808 976 3847 nc
992 3793 1104 3848 transla-
1154 3795 1270 3846 tuorum,
1284 3784 1412 3838 benedixit
1424 3783 1492 3851 filios
1505 3794 1562 3837 tuos
1576 3785 1603 3837 in
1616 3793 1641 3838 te
1651 3780 1737 3852 (l'rul.
1749 3783 1859 3854 carmi).
1870 3783 1946 3850 erod

321 3877 412 3933 tionum
435 3879 592 3935 diuersitate
607 3881 740 3947 turbetur,
752 3881 800 3936 sed
814 3890 843 3935 ut
858 3881 884 3936 iu
904 3883 1030 3952 praesenti
1044 3880 1103 3938 loco
1155 3876 1200 3931 illo
1213 3885 1331 3944 tempore
1346 3874 1444 3929 accidit
1458 3874 1566 3943 quando
1580 3888 1694 3943 sponsus
1709 3872 1864 3937 intrarerit,
1877 3873 1946 3926 sient

323 3969 342 4023 iu
356 3973 490 4029 mensuris
503 3974 595 4043 templi
607 3974 738 4030 llcbraica
750 3977 863 4032 veritate
876 3986 1020 4032 eerrtcntus
1030 3978 1075 4033 sit.
1090 4000 1100 4033 t
1154 3967 1182 4021 5¹¹
1207 3964 1350 4035 El'ffllflsslffl
1373 3966 1406 4019 (¹0
1420 3963 1569 4033 lll'blflilffls
1593 3962 1689 4033 llsslffll
1702 3980 1709 4014 ³
1720 3959 1754 4013 ΕΙ
1772 3978 1830 4030 qne
1845 3971 1946 4031 purete

325 4056 369 4113 Nec
386 4063 468 4118 etiam
483 4063 547 4119 illud
562 4064 693 4120 silendum
717 4066 843 4132 arbitror,
857 4067 929 4136 quod
943 4068 1103 4137 quibusdam
1154 4064 1240 4117 “tillir
1256 4055 1495 4134 ‘'lliffll'eltlis„⁶²⁰²²
1515 4069 1545 4106 ‘⁰
1568 4054 1602 4105 “d
1626 4054 1740 4122 ruptim,
1754 4063 1777 4106 θ’
1799 4052 1890 4106 “alia
1910 4064 1946 4106 ⁶⁸¹

327 4157 486 4211 narrantibus
512 4159 643 4228 comperi,
664 4160 795 4228 ,lumnam
820 4160 917 4215 5210105
938 4175 981 4215 me
1005 4162 1030 4215 5„
1053 4162 1105 4216 [ως
1149 4146 1236 4216 jurano
1252 4133 1447 4217 (dietrami
1472 4141 1568 4197 Clausa
1583 4142 1685 4197 scilicet
1700 4159 1753 4198 uon
1769 4143 1803 4198 ad
1820 4144 1947 4198 custodiar

329 4243 479 4315 titupffisse
493 4249 565 4317 quod
578 4249 778 4319 exoefprjonem
794 4249 896 4305 faciens
907 4251 939 4305 de
949 4260 1104 4305 sauciorum
1154 4251 1274 4307 poenaut,
1290 4234 1377 4289 sedin
1393 4234 1585 4288 beatitudiuem
1600 4234 1804 4303 sernpiternant,
1820 4233 1882 4302 quia
1897 4249 1945 4288 nee

1155 4330 1218 4385 inde
1241 4330 1384 4399 qnisquam
1408 4325 1521 4380 ulterius
1538 4324 1638 4388 exibit,
1664 4340 1714 4379 nec
1733 4323 1831 4393 aliquis
1854 4333 1946 4393 postea

1156 4434 1241 4474 nurus
1263 4418 1385 4473 intrabit.
1415 4418 1505 4472 litam
1535 4426 1654 4470 restrum
1678 4418 1825 4486 longaevam
1849 4422 1877 4468 et
1901 4414 1946 4467 diu

1156 4509 1317 4564 incolumem
1333 4510 1404 4564 Deus
1418 4508 1588 4579 orrtrripotens
1598 4515 1699 4562 aeterna
1709 4504 1875 4561 beatitudine
1887 4521 1951 4559 eorr-

1156 4613 1293 4656 sutnmarc
1305 4598 1428 4670 dignetur
1441 4600 1447 4651 l

332 4331 424 4390 latnun
448 4340 566 4408 seriptis,
582 4355 675 4395 eorum
701 4341 810 4395 nomina
834 4348 1031 4410 praestolarem,
1047 4341 1105 4396 sire

260 4427 267 4498 ζ
334 4427 389 4490 utel
407 4429 519 4485 aliorum
535 4432 676 4488 sententiis
692 4435 778 4504 magis
794 4433 896 4489 inrisus
914 4432 1017 4505 [Furta
1034 4434 1104 4488 inni-

260 4507 265 4526 '
336 4515 383 4587 tus]
393 4534 488 4585 essem
502 4537 583 4592 qnam
596 4524 706 4593 propria
722 4524 883 4589 conderem,
899 4524 996 4595 quibus
1008 4525 1041 4579 ad
1053 4525 1106 4580 boc

338 4601 397 4664 lacile
409 4614 569 4683 respondere
580 4630 689 4685 pomum
703 4634 709 4669 :
721 4616 785 4685 quid
798 4617 870 4671 eninr
891 4619 999 4687 peccari
1014 4618 1041 4673 iu
1054 4618 1106 4672 boc

339 4698 392 4760 qnod
408 4704 548 4776 magistros
562 4705 688 4761 Ecclesiae
707 4708 881 4764 veneratione
897 4708 992 4779 dignos
1003 4707 1107 4777 judica·

260 4805 266 4948 ι
344 4854 1511 4889 ι-.............-..-.-...........-..-.-

1032 5006 1233 5068 tttctrtbrtr

558 5172 1080 5290 cunnanrautt
1123 5172 1196 5284 tn
1240 5123 1711 5280 naucularum.

938 5468 1087 5547 blllEll
1129 5469 1321 5546 PRIMUS

1015 5634 1252 5651 -ρ-

580 5713 695 5769 CAPUT
708 5710 854 5772 Pttltttttt,
1119 5710 1240 5778 Dtiouis
1266 5718 1319 5771 est,
1342 5717 1371 5760 ut
1393 5706 1468 5774 prius
1489 5721 1643 5774 personant,
1672 5716 1787 5774 ternpus,
1808 5707 1950 5770 locuutqus

327 5778 397 5853 ml
409 5819 517 5879 ‘1³⁰²le
528 5806 701 5869 “lt''lll‘llt'ltmi
717 5806 780 5858 litii)
793 5813 910 5857 mullum
922 5817 931 5865 ‚¹
944 5802 1008 5855 rt'tt'e
1019 5800 1106 5854 tltrent'
1159 5799 1305 5864 describat,
1315 5807 1343 5853 et
1357 5798 1527 5867 postmodum
1549 5794 1677 5866 tttystrriu
1692 5796 1781 5849 dicere
1803 5792 1950 5863 prophetiae

458 5878 505 5933 ⁰²5
518 5888 541 5932 θ’
557 5877 680 5947 imdllll
695 5876 743 5929 Μ
758 5890 835 5944 l“ller
847 5872 980 5926 mimium·
1159 5890 1279 5961 incipiat,
1301 5900 1435 5959 qrtatenus
1455 5888 1488 5942 ad
1507 5888 1649 5942 ueritatem
1672 5883 1783 5939 solidius
1806 5882 1949 5937 ostendeu-

363 5992 371 6023 ⁸
384 5982 413 6043 Et
423 5991 520 6047 iaetrnn
536 6006 579 6046 est
592 5990 618 6045 iu
632 5989 768 6043 tricesimo
781 6003 852 6041 antro
866 5986 891 6040 io
907 5992 1005 6056 quarto
1015 5999 1107 6040 mense
1158 5981 1231 6045 darn,
1243 5989 1306 6035 ante
1319 5979 1439 6035 historiae
1451 5979 1568 6033 radicem
1581 5977 1656 6048 figat,
1670 5982 1767 6044 etpost
1778 5974 1881 6029 fruetus
1897 5972 1950 6043 spi·

260 6075 280 6144 i
339 6064 380 6121 ¹¹¹¹
392 6083 478 6146 urbita
492 6078 754 6152 mensis.t(Grep.l.
771 6078 841 6134 Usus·
851 6076 1016 6147 propterea
1031 6075 1106 6130 locu·
1160 6072 1228 6127 ritus
1242 6087 1291 6141 per
1309 6071 1385 6141 signa
1406 6079 1433 6125 ct
1450 6068 1592 6140 allegorias
1613 6066 1741 6138 proferat.
1759 6065 1883 6121 Ezechiel
1898 6065 1951 6120 ita·
