4500 6842
311 645 366 718 ili
630 647 662 713 d.
682 647 812 714 matut
825 646 941 714 multi
954 645 1114 712 sacmeel
1131 641 1286 709 nocuas.
1305 643 1448 711 mutiunt
1466 649 1558 709 PARS
1894 640 1948 711 att

314 773 324 827 l
343 774 437 831 cdiii
454 765 752 838 &montemaltum
776 765 989 839 indignationem
1009 774 1098 819 meam
1111 763 1139 824 Α
1152 761 1222 818 bens
1234 774 1319 833 quare
1333 764 1460 835 populum
1474 762 1559 821 lsrael
1580 755 1908 836 captiuitatitradiderit,
1920 778 1948 826 et

315 882 324 916 ι
344 866 485 934 supcieos'
504 864 554 933 p‘ro
572 858 719 933 sangnine,
738 872 821 930 quem
841 853 998 914 ensuerunt
1019 865 1102 923 super
1145 859 1263 925 'propter
1289 870 1366 910 suam
1395 854 1576 912 clementiam·
1598 850 1741 933 pollicetar
1767 858 1949 918 ιεᾱιιοιιιιιιιιι

313 978 321 1001 ‹
342 950 453 1011 terren.
467 940 502 1008 Et
514 943 546 1006 tn
556 944 634 1006 id'olis
648 949 704 1007 suis
716 949 872 1021 polluerunt
884 962 970 1009 eam,
994 952 1021 1000 ct
1047 943 1102 1001 dis·
1151 951 1184 998 se
1195 958 1243 999 eos
1253 942 1280 999 in
1294 951 1395 1000 terram
1415 943 1548 1013 iudaeam,
1565 955 1593 1003 et
1610 941 1843 1021 moltoannpiiora
1862 950 1951 1008 triba-

313 1064 321 1092 ι
342 1040 414 1113 persi
426 1046 475 1098 ent
497 1032 524 1096 io
539 1039 681 1113 gentibus,
693 1047 721 1096 et
733 1035 857 1096 ventilati
879 1043 945 1096 sunt·
965 1031 1105 1103 interris,
1152 1040 1260 1101 t'urum,
1281 1049 1363 1108 quam
1382 1029 1542 1093 abstulerat.
1561 1036 1640 1106 Quod
1658 1038 1769 1110 qnidam
1788 1028 1948 1098 iudeorum

313 1155 321 1185 t
341 1133 416 1202 jsrxta
427 1123 595 1189 iia'seorum
610 1137 640 1187 et·
651 1128 856 1187 adinventiones
868 1141 962 1188 eornm
980 1125 1100 1203 indicati
1151 1127 1272 1184 reserant
1283 1125 1486 1186 ad'Zorobaliei'
1496 1138 1636 1201 tempora,
1651 1132 1761 1204 quande
1774 1145 1840 1205 rege
1851 1125 1948 1192 Persa·

312 1242 321 1273 t
342 1227 400 1279 etis.
416 1210 452 1278 l't
471 1217 587 1295 ingressi
601 1229 664 1278 sont
687 1221 721 1277 ati
734 1225 838 1292 gentes,
851 1222 886 1278 ad
906 1215 1098 1292 quasi'm'rn‘r'c·
1151 1211 1949 1297 nrmtaxantemptirttaterneorumdetriontndaetlieq's-

310 1334 318 1363 t
341 1316 415 1377 lunt,
439 1319 468 1369 et
488 1311 642 1386 polluerunt
663 1325 761 1366 nornen
778 1320 908 1368 sanctum
924 1319 1015 1368 meum
1036 1326 1099 1368 cum
1150 1311 1206 1366 min
1214 1311 1323 1383 plurimi
1334 1313 1438 1368 reducti
1446 1306 1949 1375 suottotndaeam.sttiveroadnilto

309 1425 317 1457 t
340 1400 478 1462 diceretur
498 1405 534 1461 d‘e'
551 1404 594 1460 eis·
611 1403 726 1476 populus
749 1392 856 1460 bomini
878 1403 931 1460 iste
943 1405 1001 1470 csi',
1024 1409 1052 1459 'ct
1065 1401 1099 1460 de
1151 1416 1401 1473 annornmregnum
1413 1402 1947 1478 reterens,quandosnbcbnuoqnen

310 1517 318 1547 ι
341 1497 414 1554 leira
433 1486 491 1568 eins
504 1493 605 1568 egressi
619 1493 691 1552 suni.
711 1493 744 1552 Ei
760 1496 868 1568 pepeici
886 1496 988 1552 nomini
1004 1500 1099 1553 salicto
1150 1506 1247 1568 putant
1257 1507 1480 1562 esseuentnrum
1495 1505 1525 1552 ut
1539 1498 1635 1555 civitas
1649 1508 1808 1556 exstruatur
1817 1499 1948 1556 lliernsa·

309 1602 317 1638 t
341 1590 413 1653 mod,
430 1584 501 1658 quiid
514 1577 648 1660 polineiat
659 1587 755 1643 demus
771 1585 853 1642 lsrael
865 1583 891 1641 in
905 1583 1048 1659 gentilins,
1064 1587 1099 1643 nd
1150 1586 1215 1655 lem,
1227 1597 1255 1644 et
1270 1588 1418 1645 aedificetur
1433 1589 1574 1661 tempium,
1591 1590 1625 1645 de
1645 1605 1698 1660 quo
1716 1590 1743 1645 in
1762 1589 1861 1645 ultima
1873 1599 1948 1661 patto

309 1684 317 1727 t
339 1681 406 1750 littei
416 1675 532 1753 ingressi
543 1680 615 1734 sunt.
626 1667 730 1734 idcirco
739 1677 813 1733 dices
822 1675 1003 1733 domuilsrnel
1016 1695 1023 1732 :
1035 1672 1099 1734 ttaeo
1150 1673 1230 1751 buius
1243 1677 1390 1751 prophetiae
1401 1669 1499 1736 dicturi
1511 1695 1613 1735 sumus.
1629 1680 1663 1736 Et
1677 1680 1799 1747 interim,
1814 1689 1847 1736 ut
1857 1678 1949 1736 ludai-

309 1774 317 1821 t
342 1761 408 1827 ‹trctl
427 1762 556 1826 bomi'tlus
570 1761 655 1834 licias,
675 1784 728 1824 nnn
742 1775 853 1840 propter
865 1779 913 1823 uos
933 1771 983 1839 ego
1000 1764 1097 1823 laclnm
1150 1767 1311 1828 casiabnlas
1325 1765 1520 1842 relinquamus,-
1542 1781 1570 1827 et
1589 1770 1807 1828 interminabiles
1820 1769 1947 1843 gersasla-

310 1882 319 1909 ι
339 1855 436 1917 dmnlis
448 1848 542 1925 israel,
559 1856 606 1915 sed
622 1865 731 1930 propter
742 1868 840 1914 nomen
855 1861 979 1914 sanctum
995 1869 1097 1924 meum,
1150 1863 1216 1935 gias,
1226 1853 1304 1935 iux'ta
1314 1863 1534 1919 consueurdincm
1546 1867 1666 1919 uostinm
1679 1863 1948 1938 larcritersrtpoorb

310 1970 318 2002 t
338 1950 409 2024 qnod
430 1944 564 2023 polinistis
585 1945 766 2021 ingentibus,
786 1948 820 2003 a‘d
840 1954 908 2019 «quas
922 1937 1054 2014 intrastis,
1071 1955 1099 2003 et
1134 1945 1229 2023 'trojus
1241 1953 1350 2023 capituli
1364 1960 1565 2025 percurramus,
1586 1964 1614 2011 et
1634 1955 1699 2026 qtlitl
1720 1954 1800 2011 nobis
1823 1957 1949 2013 rideatur

309 2059 320 2094 ⁴
338 2038 511 2100 iimssfllfib'o
522 2044 622 2100 nomen
635 2041 724 2098 medm
734 2046 872 2114 maguum,
883 2040 954 2110 (111οΰ
966 2038 1097 2110 pollutum
1148 2046 1225 2117 justa
1243 2048 1455 2104 eeclesiasticam
1479 2038 1681 2119 intelligentiam
1698 2038 1880 2103 disseramus.
1899 2047 1948 2102 lle-

310 2143 322 2187 t
337 2137 381 2193 cal
390 2135 463 2191 inter
475 2141 569 2209 geom
583 2134 655 2206 quod
667 2133 800 2206 polluistis
819 2132 845 2188 in
855 2129 943 2189 medio
952 2140 1057 2196 earum,
1068 2137 1099 2185 ut
1152 2156 1212 2196 mus
1221 2137 1373 2208 lsraeqtmc
1382 2141 1541 2212 esqupqlus
1551 2127 1949 2210 iudaeorumfflnhitsritquoq

309 2219 803 2299 iffibbiffdsslesqllibegoflbmilllld,
817 2220 1100 2281 dicit'Dbminttselet·
1150 2233 1212 2288 dam
1228 2233 1253 2288 in
1268 2241 1340 2289 [eppa
1358 2248 1417 2296 gua,
1434 2232 1486 2289 hog
1500 2240 1553 2298 est,
1568 2232 1596 2288 iq
1619 2240 1690 2288 tem
1710 2226 1824 2296 Judm,
1841 2230 1947 2303 quam

310 2318 527 2385 tenuamcitm
538 2314 1097 2374 muculentosmeroinroutscoramets.
1149 2320 1301 2378 petianese
1314 2322 1348 2379 de
1369 2321 1504 2395 AEgyp203
1520 2322 1567 2378 seq
1580 2320 1734 2393 polluerunt
1754 2335 1817 2376 enm
1836 2319 1865 2375 ip
1886 2320 1946 2384 viis,

311 2418 324 2460 t
339 2395 443 2466 'iollam
459 2401 618 2479 quipperos
631 2402 665 2463 d'e
683 2403 811 2479 gentilos
823 2413 853 2462 et
867 2405 1037 2478 congregabo
1049 2413 1099 2461 toa
1150 2409 1178 2468 el
1192 2413 1218 2467 in
1232 2412 1328 2469 studiis
1340 2413 1397 2469 sire
1411 2412 1491 2470 idolis
1505 2404 1571 2468 suis.
1594 2402 1628 2466 Et
1644 2411 1672 2466 in
1694 2419 1801 2466 motum
1818 2409 1947 2466 exstitere

310 2490 518 2554 ‘defflilflss
532 2493 622 2565 sellis.
636 2497 809 2555 ela'tldss'fflm
822 2506 870 2553 l'⁰⁸
891 2496 919 2552 in
938 2506 1038 2552 letrau!
1053 2510 1099 2552 ve-
1149 2492 1255 2575 polluti,
1270 2505 1489 2562 ntimmunditine
1511 2504 1631 2561 mulieris
1644 2512 1823 2559 menstruatae
1837 2518 1942 2574 compa·

309 2588 419 2645 iham.
445 2584 894 2660 Ei'effttntitlmstlpervbsdqttttt'tt
909 2586 1056 2653 muntium,
1071 2593 1100 2643 ei
1150 2596 1202 2651 pati
1221 2596 1286 2666 sint,
1309 2607 1422 2668 propter
1442 2596 1514 2668 quod
1529 2595 1600 2651 Deus
1617 2593 1712 2651 effudit
1731 2594 1945 2666 indignatione.

309 2675 531 2739 emundabimini
558 2682 592 2738 ab
613 2677 739 2738 omnibus
760 2678 970 2752 inquinamentis
984 2679 1098 2746 restris,
1149 2701 1226 2742 suom
1240 2702 1320 2757 super
1335 2702 1382 2742 eos
1396 2701 1446 2758 pro
1461 2686 1593 2757 sanguiue
1605 2684 1800 2756 prophetarum
1813 2679 1944 2752 atqueitt·

307 2767 366 2828 adl
385 2765 420 2830 al't
444 2767 580 2829 universis
601 2767 681 2828 idolis
704 2772 802 2828 restris
827 2771 964 2827 mundabo
981 2785 1038 2826 ros.
1065 2770 1099 2826 Et
1150 2785 1265 2842 morum,
1292 2792 1373 2849 quom
1396 2776 1521 2832 fuderant
1541 2790 1624 2846 super
1646 2783 1760 2841 terram,
1787 2772 1898 2830 dicente
1917 2771 1945 2828 is

307 2871 320 2920 t
336 2854 498 2925 dailorobis
511 2874 682 2933 cornorum,
700 2876 728 2922 et
748 2861 873 2938 spiritum
887 2880 985 2921 nouum
999 2870 1098 2936 ponam
1149 2854 1297 2940 Evangelio
1319 2856 1459 2924 Salvatore
1482 2855 1589 2939 (batti.
1608 2863 1706 2937 amari:
1728 2883 1740 2918 s
1761 2862 1942 2927 llicrusaleta.

307 2952 365 3016 rin
378 2951 469 3016 medio
481 2953 574 3017 tes't'ri'.
586 2953 750 3016 staurano
764 2957 957 3031 eorlapidemu
970 2958 1099 3015 decarne
1150 2948 1329 3025 Hierusalem,
1349 2974 1409 3029 qnae
1427 2957 1529 3016 occidis
1548 2956 1703 3028 propbetas,
1722 2965 1753 3013 ct
1771 2954 1878 3026 lapidae
1898 2968 1942 3012 eat

307 3061 317 3103 ι
335 3049 447 3118 reslra,
468 3051 498 3107 el
518 3051 588 3108 dabo
607 3051 685 3108 uobis
708 3058 755 3108 cor
769 3055 910 3117 carneum,
925 3051 953 3106 el
973 3050 1098 3123 spiritum
1150 3049 1196 3120 qui
1209 3050 1242 3105 ad
1257 3050 1290 3104 ad
1305 3048 1417 3105 temissi
1432 3058 1504 3104 sunt.
1523 3048 1575 3103 ›Et
1586 3048 1705 3103 iterum:
1722 3065 1732 3098 ι
1752 3045 1853 3111 lmen,
1868 3059 1940 3100 amm

307 3145 427 3197 turcum
454 3133 596 3212 ponamin
616 3136 706 3197 medio
731 3142 824 3198 uestri.
850 3135 884 3197 Et
901 3137 998 3209 faciam
1021 3150 1051 3197 nt
1071 3139 1098 3196 in
1150 3141 1212 3197 dico
1225 3139 1312 3207 tobis,
1327 3139 1481 3211 requiretur
1493 3139 1603 3210 sanguis
1615 3138 1661 3210 qui
1673 3135 1941 3207 effususestagena·

306 3238 320 3283 ι
335 3230 478 3304 praeceptis
487 3224 556 3287 meis
565 3229 718 3295 ambuletis,
736 3237 764 3288 et
772 3229 875 3301 judicia
889 3243 951 3289 mea
962 3231 1098 3288 custodia·
1151 3231 1256 3287 ratione
1272 3232 1334 3298 hac,
1349 3246 1365 3286 a
1378 3230 1507 3302 sangnine
1518 3229 1585 3285 Abel
1597 3227 1664 3298 justi
1684 3241 1773 3297 nsque
1790 3225 1828 3283 ad
1840 3222 1940 3297 sang&

305 3327 321 3375 t
334 3320 381 3389 iis,
391 3321 421 3379 et*
429 3321 587 3395 operemini.
599 3314 633 3377 Εἰ
646 3317 803 3379 habitabitis
816 3323 935 3390 interra,
947 3337 1028 3395 quam
1038 3322 1098 3379 dedi
1151 3338 1212 3378 nem
1224 3322 1373 3388 Zachariae,
1389 3320 1437 3377 tilii
1449 3319 1597 3386 Baradriae,
1608 3334 1689 3390 quem
1707 3316 1865 3374 effuderunt
1877 3315 1939 3374 ittttt

305 3404 457 3485 ‹patribus
468 3413 577 3481 vestris,
591 3421 619 3470 et
633 3408 709 3471 eritis
721 3407 786 3471 mibi
800 3411 826 3471 in
839 3414 984 3487 populum,
1009 3423 1037 3472 et
1048 3430 1098 3488 ego
1151 3416 1237 3471 altare
1256 3424 1284 3471 ct
1307 3413 1446 3486 tempium.
1464 3433 1474 3468 ι
1495 3412 1552 3469 lion
1573 3411 1660 3468 solum
1682 3418 1775 3467 autem
1793 3408 1937 3467 eliadam

307 3516 319 3558 ι
335 3512 384 3561 er'o
393 3504 470 3562 iobis
477 3503 505 3562 in
512 3496 606 3563 ileum.
615 3497 649 3561 Et
656 3498 859 3563 satnnborosex
868 3505 1098 3577 uniuersisinquI·
1150 3509 1318 3581 sanguinem,
1334 3506 1382 3564 sed
1392 3514 1420 3563 et
1429 3506 1584 3579 polluemnt
1593 3513 1694 3562 terram
1708 3502 1859 3560 sceleribus
1871 3502 1935 3568 arist

307 3605 319 3649 t
334 3588 470 3655 namentis
479 3589 588 3667 uestris,
597 3597 625 3656 ei
634 3599 737 3656 vocabo
747 3592 924 3667 frumentum,
933 3607 962 3655 et
972 3598 1098 3671 multipli·
1148 3602 1324 3675 quamobrem
1336 3600 1462 3672 dispersit
1477 3613 1525 3656 eos
1537 3597 1579 3654 uel
1599 3598 1649 3654 sub
1672 3596 1822 3669 babylonia
1835 3589 1936 3667 captiti·

308 3679 406 3746 stabo
433 3678 521 3757 uino,
542 3689 572 3747 el
589 3705 644 3746 non
659 3681 796 3761 imponam
816 3682 844 3746 in
857 3699 906 3747 uos
928 3688 1038 3747 famem.
1064 3689 1099 3746 Et
1150 3702 1205 3749 tate
1225 3691 1267 3747 tel
1280 3693 1330 3748 snb
1349 3690 1482 3755 Romana,
1504 3689 1612 3760 quando
1630 3702 1695 3744 vere
1708 3686 1865 3744 effuderunt
1879 3699 1933 3742 saa·

308 3798 319 3835 t
335 3776 519 3856 mntupttoatio
529 3784 647 3841 fructum
661 3774 726 3858 ligni
737 3795 765 3843 et
779 3777 915 3857 genimina
925 3779 992 3858 agri,
1004 3795 1032 3842 ct
1044 3797 1097 3843 non
1149 3783 1257 3855 guinem
1270 3782 1371 3839 Christi
1388 3789 1416 3837 et
1431 3778 1553 3844 tzentilati
1564 3785 1628 3835 sont
1644 3778 1671 3834 in
1689 3786 1789 3844 terras,
1812 3773 1933 3847 quomam

308 3883 321 3928 t
338 3875 454 3947 portetis
479 3865 551 3931 ultra
571 3868 750 3948 opprobrium
767 3867 887 3933 lamisio
903 3868 1051 3948 gentibus,
1070 3878 1099 3931 ct
1149 3873 1233 3945 palcae
1246 3872 1421 3938 ventilantur,
1443 3880 1471 3927 et
1486 3869 1565 3941 justa
1580 3870 1636 3925 uias
1650 3880 1715 3926 suas
1736 3876 1765 3925 ct
1777 3865 1934 3925 adinventio·

309 3975 321 4016 t
339 3954 554 4023 recordabimini
567 3967 673 4023 riarum
687 3975 840 4024 vestrarum
852 3959 1031 4037 pessimarum
1043 3974 1100 4022 stu·-
1148 3982 1198 4023 nes
1217 3964 1349 4037 pessimas
1366 3962 1480 4035 indicati
1502 3979 1509 4016 ε
1527 3961 1563 4016 ita
1576 3969 1607 4016 ut
1627 3959 1657 4015 in
1670 3959 1801 4032 gentibus
1822 3968 1932 4030 qnoque,

292 4063 320 4108 'r
337 4047 713 4127 diorn'mquerionbonornm.
727 4048 946 4129 Etdisplicebunt
958 4058 1035 4115 tobis
1047 4048 1099 4114 ini·
1149 4058 1272 4127 adquae
1293 4053 1392 4126 ca'ptini
1415 4052 1486 4108 docti
1511 4050 1618 4107 fuerant
1635 4090 1643 4115 ,
1670 4049 1826 4121 polluerent
1847 4059 1931 4104 notan

307 4138 1098 4222 tqritatestestraetsceteravestm,1=onproptert·os
1149 4158 1273 4205 sanctum
1301 4146 1371 4211 uei,
1403 4160 1436 4203 eo
1461 4144 1533 4215 quod
1557 4148 1607 4215 per
1631 4142 1788 4198 irrisionem
1825 4140 1931 4197 mersu

307 4229 516 4314 tegoiaciam,
535 4230 717 4299 aitliominns
736 4232 825 4309 Deus,
843 4247 936 4299 notum
952 4233 988 4298 sit
1008 4233 1096 4298 uobis.
1148 4241 1283 4297 muirersae
1300 4238 1421 4294 nationes
1440 4237 1473 4293 de
1486 4253 1518 4293 ea
1536 4253 1544 4291 t
1564 4235 1681 4307 Populos
1695 4235 1745 4290 lici
1760 4235 1813 4291 iste
1832 4229 1930 4302 estqnl

307 4338 316 4381 ι
334 4319 991 4405 confundiminieterubesoilesupervii'sucstris,
1000 4333 1098 4390 domus
1148 4349 1178 4390 se
1198 4333 1320 4404 iactabat
1342 4330 1451 4402 proprie
1477 4344 1556 4385 nosse
1583 4328 1684 4385 cultum
1708 4328 1767 4383 liei.
1786 4327 1862 4395 Quod
1878 4335 1929 4381 etr!

307 4432 316 4473 ι
334 4409 428 4478 lsrael.
443 4408 507 4476 ileo
519 4420 585 4477 dicit
597 4411 726 4479 bertinus
738 4414 819 4481 licus.
832 4410 862 4480 ln
881 4422 926 4481 die
946 4441 1000 4496 qua
1015 4440 1097 4480 mun·
1148 4425 1291 4488 uidissem,
1319 4423 1374 4489 ait,
1404 4437 1456 4478 nou
1483 4428 1593 4491 propter
1617 4433 1683 4484 cos,
1701 4419 1749 4475 sed
1764 4426 1874 4490 propter
1889 4425 1928 4469 se-

307 4522 317 4562 t
335 4513 437 4568 daversi
450 4518 499 4567 ros
509 4518 543 4566 ci
555 4500 681 4567 omatibus
693 4502 881 4584 iniquitatibus
893 4516 991 4571 restris
1005 4523 1033 4571 et
1049 4516 1098 4571 ba-
1148 4535 1210 4577 mon
1232 4533 1322 4575 mourn
1336 4524 1461 4573 sanctum
1481 4512 1605 4588 (Creator
1623 4512 1696 4567 enim
1715 4511 1836 4567 omniurn
1857 4507 1926 4574 santi.

306 4619 316 4655 r
333 4592 416 4661 bitari
427 4592 517 4660 iecere
528 4601 611 4660 urbes
624 4611 652 4658 et
661 4594 976 4671 instauraveroruinosa,
986 4614 1014 4662 et
1023 4613 1097 4662 terra
1147 4606 1255 4682 peperci
1274 4607 1325 4674 eis,
1344 4614 1372 4662 et
1390 4603 1558 4661 sanctificavi
1578 4601 1648 4669 illos,
1667 4607 1696 4656 et
1710 4600 1804 4673 gloria
1823 4597 1927 4672 pristina

305 4714 315 4751 ι
334 4696 441 4755 deserta
453 4684 536 4753 luerit
548 4683 665 4762 exculta,
676 4699 737 4768 qum
749 4697 954 4768 quondnmerat
963 4696 1097 4763 desolata,
1148 4699 1255 4757 restitui
1267 4716 1275 4754 a
1289 4698 1326 4754 ita
1342 4704 1373 4753 ut
1386 4710 1467 4766 snper
1479 4695 1620 4751 credentes
1632 4697 1661 4746 et
1674 4690 1711 4745 ab
1724 4705 1820 4746 errore
1830 4699 1926 4746 eonem

304 4800 314 4842 t
336 4779 363 4847 in
374 4778 460 4849 neniis
472 4790 564 4848 emnia
574 4778 687 4847 uialoris
701 4782 790 4847 dicent
806 4805 813 4843 ε
841 4778 926 4846 Terra
946 4781 991 4845 illa
1011 4789 1095 4845 multa
1108 4809 1137 4873 Ι)
1149 4807 1194 4849 sos
1213 4781 1378 4848 effunderem
1400 4802 1498 4857 aquam
1517 4784 1644 4842 mundam
1660 4782 1790 4854 bap'tisnri
1807 4775 1922 4841 sonarit

305 4895 314 4933 ι
333 4870 404 4938 iacta
417 4882 468 4947 est,
481 4888 512 4939 ut
525 4873 790 4953 bortnsroloptatis,
803 4872 967 4937 etcisitntes
980 4881 1096 4937 deserte
1148 4892 1177 4942 et
1197 4883 1355 4940 mundarem
1374 4896 1422 4939 eos
1440 4880 1476 4937 ab
1498 4877 1746 4934 abominationibus
1768 4875 1836 4940 suis,
1853 4880 1877 4929 ct
1896 4867 1922 4924 tl

305 4988 313 5023 ι
333 4979 361 5028 et
373 4962 510 5031 destitutio
530 4983 613 5045 atquc
627 4972 749 5030 suliossoe
767 4973 878 5029 munita)
894 4971 1034 5030 sederunt.
1061 4961 1096 5027 bl
1147 4974 1282 5031 urtiuersis
1304 4972 1445 5029 erroribus
1459 4969 1557 5041 quibus
1571 4968 1679 5025 interant
1694 4967 1838 5038 occupati:
1851 4959 1921 5020 etdt·

305 5068 314 5111 t
334 5061 422 5149 gelent
437 5066 533 5136 gentes
545 5070 713 5136 quecunque
725 5053 861 5121 derelictae
873 5061 977 5120 luerint
993 5051 1022 5119 in
1037 5063 1094 5118 cii·
1148 5081 1205 5122 rena
1217 5064 1258 5121 eis
1269 5078 1318 5120 oor
1334 5076 1444 5127 novum,
1456 5067 1496 5116 ut·
1508 5057 1652 5116 crederent
1672 5057 1700 5112 io
1718 5056 1816 5112 lilium
1834 5051 1920 5117 beist

303 5165 313 5205 t
335 5140 521 5223 animosum,
536 5157 601 5227 qnia
614 5173 665 5230 ego
678 5157 808 5214 muninus
827 5156 960 5213 aedificavi
980 5155 1095 5227 dissipa·
1146 5158 1271 5230 spiritum
1289 5170 1399 5221 norom,
1415 5154 1448 5210 de
1464 5153 1563 5225 quibua
1587 5150 1670 5207 basid
1692 5150 1834 5221 loquitur:
1850 5166 1859 5199 ι
1878 5144 1918 5201 Gtt

304 5261 313 5298 ι
334 5233 569 5319 inspiautauiqne
590 5232 704 5317 inculta,
718 5264 769 5322 ego
780 5243 912 5305 Dominus
925 5243 1031 5304 locutus
1042 5247 1094 5303 siut
1148 5248 1278 5309 mundum
1293 5262 1356 5303 crea
1370 5245 1398 5301 in
1415 5259 1469 5311 nte,
1485 5244 1569 5309 licus,
1579 5249 1608 5297 et
1625 5240 1751 5313 spiritum
1775 5247 1870 5295 recten
1884 5235 1916 5289 it·

303 5355 313 5394 ι
332 5345 361 5393 et
373 5322 508 5396 fecerim:
527 5328 587 5396 baec
597 5338 663 5396 dicit
672 5332 804 5397 Dominus
815 5332 896 5397 Deus.
910 5338 1007 5396 nunno
1020 5338 1096 5394 inre·
1147 5354 1218 5397 noua
1233 5339 1260 5393 in
1272 5334 1424 5394 uisceribns
1442 5332 1511 5389 meis
1525 5326 1612 5403 (Psoi.
1631 5328 1670 5403 ι).
1680 5349 1698 5382 s
1714 5329 1750 5385 lit
1767 5327 1915 5385 mustene

303 5435 313 5483 ‘r
331 5415 409 5486 nient
420 5444 465 5486 me
477 5430 505 5487 in
515 5419 567 5486 boe
578 5430 675 5487 domus
688 5421 781 5498 lsrael,
796 5431 826 5486 ui
838 5432 936 5488 inciam
951 5430 991 5487 eis
1004 5448 1011 5484 :
1026 5428 1093 5485 llnl·
1148 5437 1211 5492 dum
1237 5431 1310 5503 quod
1329 5443 1378 5486 cor
1401 5440 1501 5482 uorum
1520 5432 1546 5478 et
1562 5422 1675 5493 spiritns
1695 5435 1782 5476 noros
1794 5419 1865 5474 detor
1879 5423 1914 5482 pfl

304 5540 314 5574 ι
333 5507 464 5596 iiplicabo
479 5538 545 5588 eos,
559 5522 627 5579 sicut
640 5538 750 5595 gregem
771 5514 921 5590 bominum,
939 5531 969 5578 nt
981 5537 1093 5596 gregem
1147 5522 1305 5581 effusionem
1320 5526 1347 5575 et
1362 5515 1546 5587 aspersionem
1557 5526 1644 5581 aqum.
1660 5508 1777 5577 Qtrattdo
1789 5515 1869 5600 autem
1879 5513 1913 5556 ont

303 5631 314 5667 ι
333 5618 469 5682 mactum,
479 5611 510 5670 ιιι
523 5629 632 5688 gregem
644 5601 811 5670 Hierusalem
833 5614 860 5671 in
875 5606 1093 5671 solemnitatibus
1147 5629 1247 5672 norom
1257 5613 1349 5668 dantum
1363 5607 1444 5665 suerit
1457 5613 1485 5661 et
1495 5602 1606 5674 spiritns
1618 5616 1716 5664 nouus,
1728 5608 1793 5655 tnnc
1802 5593 1912 5653 sumunt

304 5724 314 5757 t
332 5701 401 5777 ejus,
414 5706 454 5763 sic
463 5716 545 5763 erunt
554 5705 680 5762 ciuitates
689 5706 804 5762 desertae
814 5707 953 5778 plenaeque
965 5706 1095 5778 gregibus
1146 5708 1181 5762 de
1195 5704 1277 5761 corde
1293 5692 1406 5755 ludaico
1420 5695 1509 5752 omnis
1523 5689 1634 5756 duritia,
1650 5705 1711 5761 qnae
1730 5688 1810 5760 lapidi
1827 5693 1910 5751 mur

304 5819 314 5850 r
332 5797 698 5868 iromiunmqetscientquia
709 5798 910 5870 egoliominus.
926 5796 1061 5869 qllieroa.)
1080 5816 1090 5851 s
1146 5808 1222 5855 ratur
1235 5814 1242 5850 :
1254 5804 1282 5851 et
1298 5808 1347 5865 pro
1363 5790 1468 5863 lapideo
1490 5786 1572 5843 corde
1590 5784 1622 5839 tit
1641 5799 1689 5840 cor
1709 5796 1836 5838 cernetur
1854 5769 1911 5831 ob

303 5890 449 5963 Perspicua
463 5899 526 5946 suot
541 5906 602 5962 quan
616 5889 744 5947 dicuntur
761 5899 789 5946 et
800 5890 889 5946 omrris
908 5906 1005 5947 sensus
1017 5904 1094 5945 mon·
1145 5900 1175 5947 ot
1186 5897 1321 5951 tenerum,
1335 5885 1407 5956 qnod
1420 5882 1545 5955 spiritum
1559 5878 1607 5935 liei
1622 5877 1695 5933 inse
1708 5874 1794 5946 possit
1806 5869 1911 5938 retiati&

302 5985 369 6039 timn
378 5982 472 6050 lsrael,
492 5982 539 6056 qui
552 5982 627 6056 prius
641 5982 743 6039 deserti
754 5980 875 6047 inerant,
896 5990 924 6038 et
937 5990 1031 6053 postea
1050 5998 1095 6037 re·
1146 5990 1174 6039 et
1185 5978 1296 6037 inscribi
1309 5976 1407 6034 litteris
1420 5969 1595 6031 salutaribus.
1608 5964 1712 6040 (Greg.)
1724 5961 1874 6032 Gorqeippt
1883 5951 1911 6006 Β·

296 6074 399 6141 stitod,
421 6088 495 6134 nnuc
508 6071 679 6133 manifestius
697 6075 824 6148 penituit
836 6073 979 6147 redditque
991 6088 1091 6133 causas
1145 6073 1255 6145 pidcum
1276 6068 1356 6137 tollit,
1373 6080 1464 6128 cuma
1481 6062 1560 6123 nolis
1580 6056 1714 6132 “verbim
1732 6049 1853 6114 dilium
1865 6038 1913 6101 ω’
