4500 6842
1872 566 1941 621 ltbt

623 578 653 633 b.
676 577 800 633 nnutnt
820 575 928 632 hattht
946 573 1105 631 necetur.
1125 568 1279 628 houbdt.
1299 569 1441 626 bennun
1460 568 1551 624 PARS
1569 567 1601 622 tl.

301 577 372 632 itha

299 692 395 765 Alypio
409 689 490 749 Urbis
507 689 723 759 prefectoeum
745 688 867 744 diceret:
882 707 892 740 t
907 688 994 743 Hodie
1015 697 1089 741 oeta-
1103 688 1129 748 Α
1142 684 1188 753 gui
1211 698 1273 738 eom
1293 681 1430 737 nolentem
1451 678 1606 735 sacrificare
1624 677 1677 732 diis
1692 675 1779 747 jussit
1799 677 1942 746 suspendi,

299 800 341 839 ree
361 783 507 839 bomtnteae
529 781 581 835 dici
603 788 666 835 eunt
680 796 688 832 τ
701 789 806 834 cessate
827 793 842 832 a
858 778 1092 847 superstitionibus
1143 783 1172 827 et
1183 772 1290 842 ungulis
1304 769 1429 831 lacerari,
1442 768 1475 822 ad
1489 776 1641 824 extremum
1655 781 1721 820 cero
1744 764 1842 836 gladio
1861 765 1943 821 tuter-

301 873 443 934 idolorum‚
455 880 483 925 ει
494 870 636 926 secrillciis
648 868 773 939 pollutis;
787 889 796 922 t
810 885 825 922 a
837 868 1030 940 gladiatoribus
1041 869 1093 925 bac
1143 864 1231 920 iectus
1244 873 1297 941 est,
1308 872 1336 917 et
1351 863 1378 918 io
1390 861 1496 917 Aulona
1508 861 1619 937 civitate
1635 859 1770 930 sepultos.
1785 857 1889 912 Eadem
1902 859 1946 913 die

300 961 335 1017 de
353 976 435 1015 causa
449 960 554 1014 occisos
567 965 617 1013 est.
636 957 670 1011 tn
687 956 781 1012 eadem
794 957 838 1011 die
852 957 945 1013 Romae
965 953 1093 1013 nativitas
1142 953 1234 1024 passio
1253 952 1367 1008 hu'eiani
1386 951 1538 1022 presbyteri
1550 958 1577 1004 et
1596 949 1800 1020 martyris,qui
1817 950 1944 1004 ntissnsa

302 1050 423 1105 llartinoe
445 1048 555 1117 virginis
574 1056 602 1101 ει
626 1051 764 1116 martyris,
796 1060 856 1115 quae
879 1062 957 1116 passa
984 1048 1093 1102 estsub
1145 1046 1230 1101 llotua
1252 1046 1400 1116 praedicare
1412 1045 1524 1099 uerbum
1548 1043 1606 1105 bei,
1624 1045 1648 1096 in
1662 1043 1763 1098 Galliis
1786 1045 1946 1113 martyriza-

302 1140 454 1194 Alexandro
465 1137 582 1201 Caesare,
597 1152 646 1206 pro
664 1136 716 1191 bde
739 1135 839 1190 Christi
862 1135 952 1189 multis
975 1141 1094 1189 tormen·
1144 1136 1246 1191 vitsub
1258 1135 1366 1190 loliano
1383 1134 1500 1199 Caesare,
1525 1136 1551 1190 in
1571 1136 1673 1188 eisdem
1697 1136 1827 1205 partibus
1841 1136 1944 1190 occisos

302 1239 389 1285 torum
413 1229 556 1298 generibus
570 1229 701 1291 cruciata,
724 1236 751 1282 ει
774 1228 807 1281 ad
832 1236 984 1283 extrentum
1006 1228 1094 1298 gladio
1145 1227 1243 1299 gladio,
1259 1242 1307 1297 per
1321 1226 1398 1295 cujus
1409 1227 1628 1296 predicationem
1645 1227 1724 1279 multi
1740 1227 1870 1281 conuersi
1884 1234 1945 1280 ειιιιι

302 1334 441 1387 percussa,
460 1333 519 1385 qnae
533 1318 615 1372 etiarn
641 1318 710 1373 idola
731 1317 915 1375 etsimulacra
929 1318 1033 1374 orando
1047 1320 1093 1376 do-
1146 1315 1180 1371 ad
1192 1318 1288 1386 lidem;
1301 1317 1334 1370 ad
1347 1315 1423 1387 cttjtrs
1437 1316 1588 1384 sepulcrum
1603 1314 1687 1372 tttttlttt
1700 1315 1886 1369 ostenduntur
1899 1316 1944 1367 mi·

303 1409 411 1471 stroxit,
426 1417 452 1461 et
464 1407 562 1462 multos
571 1408 605 1462 ad
621 1407 701 1462 fldem
711 1401 812 1463 Christi
825 1408 967 1462 comertit.
979 1406 1095 1461 Alc'xan-
1146 1403 1237 1459 racula
1251 1407 1279 1459 ει
1289 1401 1420 1458 sanitates
1432 1399 1498 1456 fiunt
1510 1401 1642 1470 plurimae.
1678 1399 1680 1403 ’

304 1498 352 1552 der
365 1512 429 1551 vero
452 1506 513 1567 post
533 1499 636 1552 obitum
656 1496 742 1551 beatae
759 1498 871 1569 virginis
889 1514 1032 1569 percussus
1054 1506 1095 1553 εει
1154 1518 1166 1536 x
1186 1493 1252 1549 Nos.
1268 1492 1460 1562 hierosolymas
1479 1492 1610 1561 depositio
1634 1489 1776 1546 Simeonis
1798 1491 1941 1559 propheta,

304 1588 396 1643 dolore
408 1589 509 1651 cordis,
524 1597 552 1642 et
566 1588 635 1641 sicut
656 1587 766 1642 rabidus
781 1588 857 1643 canis
870 1602 967 1642 carnos
982 1604 1044 1642 snas
1058 1588 1097 1642 la·
1147 1584 1192 1653 qui
1211 1582 1354 1636 bominum
1371 1579 1463 1635 lesum
1482 1580 1611 1634 infantem
1630 1580 1688 1633 suis
1703 1579 1779 1633 ulnis
1791 1580 1907 1648 portarit
1917 1587 1943 1633 et

305 1693 410 1742 cerans,
426 1677 569 1745 pessimam
581 1677 664 1731 vitam
675 1692 738 1731 eum
751 1692 849 1748 magno
865 1677 996 1747 supplicio
1007 1678 1096 1746 exspi·
1147 1672 1294 1728 benedixit.
1322 1671 1355 1725 Et
1369 1672 1396 1724 in
1408 1668 1551 1725 Antiochia
1567 1669 1699 1740 depositio
1717 1668 1860 1723 Simeonis
1884 1683 1940 1720 mo-

305 1769 386 1822 ravit.
400 1769 465 1822 ltem
486 1768 579 1821 eadem
592 1766 635 1821 die
650 1766 741 1822 Rome
753 1769 843 1836 passio
861 1766 1003 1821 Concordii
1022 1782 1096 1836 pres-
1147 1767 1238 1829 sachi,
1254 1766 1298 1833 qui
1314 1764 1340 1817 in
1354 1761 1478 1817 colomna
1495 1761 1580 1824 stetit,
1592 1768 1620 1813 et
1642 1753 1762 1814 uirtutes
1786 1758 1886 1813 meritas
1904 1760 1942 1811 h·

306 1859 394 1929 hyteri
409 1866 437 1911 et
457 1858 585 1929 martyris
601 1856 651 1912 snb
666 1869 679 1896 ι
706 1856 842 1913 Antonino
865 1859 1027 1928 imperatore
1049 1873 1096 1927 per
1148 1856 1223 1910 ciens
1234 1854 1269 1910 ibi
1285 1853 1388 1923 quievit
1401 1852 1427 1904 iu
1441 1865 1519 1920 paee,
1532 1860 1561 1904 et
1573 1848 1736 1902 translatum
1756 1857 1801 1901 est
1814 1849 1876 1903 inde
1886 1864 1941 1902 eor-

307 1949 472 2019 Torquatum
494 1948 619 2002 comitem
641 1956 806 2017 perpetrata,
819 1948 865 2018 qni
885 1948 981 2004 nolens
993 1947 1097 2003 sacrifi·
1148 1963 1198 2019 pus
1215 1946 1273 2016 ejus
1287 1946 1313 1999 in
1332 1942 1513 2004 Antiochiam,
1529 1956 1578 2011 per
1592 1941 1752 2011 episcopum
1770 1939 1858 2010 ipsius
1877 1940 1941 1991 ciri·

306 2053 369 2092 care
384 2038 472 2103 idolis,
485 2038 627 2108 capitalem
641 2040 803 2094 seutentiam
818 2039 909 2093 subiit.
1112 2057 1136 2116 B
1149 2035 1213 2089 tatis
1228 2044 1256 2089 et
1267 2032 1394 2104 populum
1415 2028 1608 2093 Christianum,
1623 2043 1686 2082 cum
1702 2025 1819 2098 psalmis
1831 2036 1857 2082 ει
1874 2028 1943 2098 hpm·

332 2126 376 2181 dt
394 2128 460 2182 Nos.
475 2128 504 2183 ln
517 2128 659 2182 Antiochia
673 2127 804 2183 blacharii
817 2129 932 2184 abbatis.
949 2130 1041 2185 bontas
1051 2130 1100 2187 Te-
1150 2126 1202 2190 nis,
1221 2133 1247 2179 et
1266 2139 1327 2178 curn
1342 2121 1432 2176 multis
1446 2119 1624 2189 lampadibus,
1639 2128 1668 2173 et
1685 2120 1833 2173 conditum
1849 2129 1890 2174 est
1909 2120 1941 2173 ihi

308 2219 425 2286 lesphori
445 2232 530 2286 papae,
543 2219 588 2287 qui
611 2219 750 2273 constituit
762 2227 792 2272 ut
809 2228 911 2289 septem
926 2221 1099 2276 hebdomadi·
1149 2216 1176 2270 in
1193 2214 1306 2269 ecclesia
1323 2212 1432 2282 attajore.
1455 2212 1549 2282 vigilia
1570 2210 1705 2280 Epiphan.

308 2311 358 2362 bus
383 2317 445 2362 ante
468 2307 571 2362 Pascha
593 2308 725 2378 jejunium
746 2309 938 2374 celebraretur,
960 2318 988 2365 ει
1012 2310 1099 2366 Natali
1184 2308 1241 2363 tttl
1260 2308 1355 2362 luuuu.
1370 2305 1519 2375 Epiphania
1537 2305 1641 2359 llorniui
1657 2305 1745 2360 nostri
1759 2304 1826 2360 lesu
1839 2305 1940 2361 Christi.

308 2399 414 2455 Domini
433 2408 511 2453 nocte
531 2400 611 2454 missa
638 2400 829 2455 celebraretur.
853 2400 921 2455 Nam
937 2402 1009 2456 omni
1032 2410 1099 2456 tem·
1185 2402 1229 2458 llll
1254 2403 1291 2456 lo.
1308 2401 1401 2455 Passio
1414 2408 1513 2454 sanctae
1538 2398 1642 2453 fauste
1655 2398 1784 2467 virginis,
1801 2400 1851 2454 sub
1863 2398 1941 2454 llari-

309 2505 374 2560 pore
396 2499 458 2544 ante
477 2490 551 2543 hore
574 2490 660 2543 tertie
684 2505 792 2544 ctrrsom
816 2490 902 2544 nullus
924 2502 1101 2560 praesumeret
1149 2493 1240 2548 miano
1260 2493 1434 2561 imperatore,
1449 2503 1508 2557 quae
1525 2487 1671 2542 Erilasium
1694 2488 1820 2556 primum
1844 2488 1939 2559 palatii,

312 2578 409 2632 missas
430 2576 580 2641 celebrare,
594 2592 647 2647 qua
664 2579 729 2632 hora
752 2578 880 2633 hominus
901 2581 1022 2634 ascendit
1040 2596 1100 2634 cru·
1150 2594 1278 2640 tortorem
1296 2597 1385 2646 suum,
1411 2579 1546 2649 patientioe
1570 2594 1625 2633 suae
1639 2567 1744 2632 uirtute
1763 2579 1896 2632 convertit
1910 2578 1941 2630 ad

310 2685 385 2733 cem;
401 2678 428 2723 ει
440 2669 676 2723 antesacriltcium
695 2670 809 2741 hymnus
823 2671 969 2736 diceretur,
984 2672 1098 2738 honest,
1150 2675 1240 2734 iidem,
1260 2687 1309 2728 nec
1331 2688 1383 2727 non
1398 2680 1425 2725 et
1443 2669 1609 2741 prefectum,
1632 2669 1677 2723 cui
1694 2669 1806 2739 jussum
1825 2678 1866 2723 εει
1887 2684 1941 2722 mm

311 2759 402 2814 Gloria
414 2762 441 2815 in
457 2762 565 2816 excelsis
580 2762 644 2817 Deo.
664 2761 713 2817 llic
722 2764 804 2818 etiam
815 2765 944 2834 martyrio
955 2775 1099 2821 coronatus
1150 2774 1292 2835 torquere3
1315 2777 1376 2832 qoae
1402 2774 1532 2830 suspensa
1560 2758 1735 2814 ferramentis
1769 2758 1939 2820 lacerabatur,

311 2856 363 2914 cst,
379 2850 423 2918 qui
439 2850 559 2920 sepultus
571 2859 613 2905 est
623 2851 699 2921 joma
712 2866 811 2922 corpus
829 2852 901 2907 beati
914 2851 985 2907 Petri
1007 2853 1034 2906 in
1047 2852 1101 2907 Va·
1149 2865 1243 2925 postea
1257 2853 1351 2909 bestiis
1369 2852 1478 2914 tradita,
1502 2865 1517 2903 a
1544 2848 1617 2903 nulla
1638 2839 1737 2903 earn'm
1762 2851 1940 2903 contaminata

313 2942 402 2995 ticano
416 2958 441 2994 tv
457 2941 524 2998 Non.
539 2939 670 2997 ianuarii.
1150 2956 1201 3001 cst.
1219 2945 1319 2999 Deinde
1342 2941 1424 2998 elaris
1439 2948 1519 3011 eaput
1535 2939 1595 3008 eius
1609 2938 1749 2994 conlisum
1778 2947 1835 3005 est,
1855 2948 1940 3009 postea

348 3033 380 3086 lll
391 3032 458 3087 Non.
472 3032 564 3088 llomae
582 3035 698 3089 Anteros
713 3049 781 3105 papa
794 3044 823 3089 ει
837 3043 949 3107 martyr,
965 3036 1011 3106 qui
1034 3036 1101 3091 duo
1150 3051 1183 3090 ει
1203 3037 1229 3090 in
1243 3034 1406 3105 sartaginem
1432 3032 1579 3086 ferventem
1607 3030 1669 3101 pice
1696 3031 1798 3095 missa,
1829 3031 1875 3084 sed
1893 3046 1940 3083 noo

311 3120 398 3174 decim
425 3137 511 3176 annos
534 3124 604 3178 rexit
626 3123 785 3190 Ecclesiam,
806 3132 834 3179 et
853 3134 1002 3197 martyrum
1025 3135 1099 3198 gesta
1151 3125 1225 3180 laesa.
1250 3123 1349 3193 sicque
1365 3138 1427 3178 cum
1445 3119 1572 3185 lirilasio,
1592 3128 1619 3174 ει
1636 3119 1771 3190 praelecto
1784 3121 1811 3174 in
1831 3132 1941 3175 tormen·

313 3211 457 3282 diligenter
474 3212 620 3281 exquirens
633 3213 753 3268 recondit
773 3214 800 3267 in
814 3214 938 3279 ecelesia,
952 3215 997 3285 qui
1017 3216 1100 3271 etiam
1152 3218 1187 3272 tis
1201 3217 1362 3282 constituta,
1378 3213 1492 3271 reddidit
1513 3213 1658 3284 spiritum:
1674 3214 1769 3284 populi
1791 3230 1854 3270 sero
1870 3214 1941 3269 Chn'·

313 3300 444 3371 martyrio
467 3309 621 3357 coronatus.
644 3302 671 3355 ln
689 3306 844 3359 coemeterio
866 3305 958 3360 calisti
981 3306 1100 3376 sepultus
1153 3310 1231 3365 stiani
1249 3312 1305 3364 baec
1317 3308 1458 3363 audientes
1468 3305 1631 3376 sepelierunt
1645 3319 1766 3373 corpora
1781 3315 1939 3359 sanctornm.

313 3399 356 3446 εει
367 3392 411 3446 via
427 3388 524 3461 Appia.
540 3389 650 3445 Parisiis
671 3392 792 3457 civitate,
813 3393 945 3461 depositio
960 3393 1139 3458 Genolevaec
1190 3400 1223 3455 vt
1240 3398 1279 3454 ln.
1301 3398 1495 3468 Angustodnno
1510 3395 1642 3465 depositio
1653 3393 1800 3465 Egemonii
1814 3395 1939 3465 episcopi,

311 3481 432 3551 uirginis,
447 3495 526 3549 quam
541 3490 651 3534 sanctus
664 3480 815 3537 Germanus
829 3480 947 3550 ejusdem
960 3483 1035 3537 urbis
1046 3483 1101 3553 epi-
1152 3498 1180 3546 ee
1201 3490 1289 3545 steens
1302 3488 1434 3558 depositio
1451 3486 1536 3541 saneti
1551 3484 1683 3539 Patientis
1704 3486 1840 3555 episcopi.

312 3585 410 3639 scopus
430 3571 457 3623 in
473 3569 585 3626 infantia
600 3570 656 3625 lieo
668 3572 797 3641 virginem
811 3575 989 3627 consecravit.
1000 3574 1028 3628 ln
1047 3573 1100 3627 To·
1178 3579 1375 3634 tttnttattvttas
1383 3574 1793 3647 Epistiei0,locundi,Seeundi,
1801 3574 1940 3637 Setantioi,

311 3660 363 3714 mis
376 3659 494 3723 civitate,
509 3661 635 3716 nativitas
655 3662 706 3715 Titi
720 3663 848 3733 episcopi,
863 3665 908 3734 qui
923 3667 973 3721 sub
988 3665 1099 3721 Lucinio
1155 3669 1258 3734 vitalis,
1272 3667 1498 3732 Felieis‚liustiei,
1513 3665 1615 3733 Quinti,
1628 3664 1783 3731 litartaxis,
1796 3666 1939 3722 Fortunati.

311 3751 382 3804 inter
401 3751 503 3805 tirones
524 3753 744 3821 comprehensus,
769 3768 830 3808 com
854 3754 936 3809 nollet
963 3755 1096 3819 militare,
1186 3759 1220 3814 lll
1242 3761 1280 3815 ln.
1296 3760 1426 3814 Nativitas
1443 3758 1528 3822 Pauli,
1550 3758 1630 3829 primi
1658 3759 1846 3824 anachoretae,
1871 3760 1940 3829 eujus

312 3854 399 3896 caesus
421 3842 455 3895 ad
475 3850 590 3896 mortem
613 3858 722 3898 carcere
746 3845 926 3914 mancipatos,
950 3847 1048 3903 missus
1072 3849 1100 3902 in
1151 3852 1234 3905 vitant
1262 3850 1358 3905 beatus
1387 3849 1565 3920 llieronymus
1592 3849 1719 3918 scripsit,
1752 3851 1800 3920 qui
1828 3865 1843 3904 a
1869 3860 1938 3905 sexto

313 3932 391 4001 cippo
405 3940 456 3995 est,
472 3933 559 3985 donee
572 3931 703 3987 relatione
725 3941 797 3988 esset
816 3950 985 4004 responsum,
1005 3936 1101 3992 dimer·
1152 3943 1256 3998 decimo
1266 3942 1354 3997 rotatis
1367 3956 1438 3995 anno
1457 3940 1588 4009 usquead
1610 3940 1794 3995 centesimum
1813 3942 1937 3995 decimum

313 4038 397 4091 saque
411 4024 437 4076 in
449 4038 533 4087 mare,
549 4023 636 4078 delato
648 4038 761 4093 corpore
776 4024 834 4095 ejus
856 4027 882 4080 in
897 4026 998 4093 littore,
1010 4043 1025 4081 a
1038 4028 1101 4084 reli·
1152 4033 1262 4088 tertium
1282 4033 1354 4087 solus
1369 4033 1395 4087 in
1410 4046 1502 4086 eremo
1524 4030 1684 4099 permansit.
1717 4028 1775 4087 Sed
1797 4048 1813 4087 a
1833 4031 1936 4089 bonnm

310 4113 472 4184 glosissimis
484 4114 551 4168 viris
566 4114 715 4183 depositum
734 4125 775 4170 est
794 4117 820 4170 in
836 4116 899 4170 villa
911 4116 1027 4171 Amandi
1039 4118 1101 4173 reli·
1151 4139 1201 4195 per
1216 4138 1327 4179 corvum
1340 4130 1443 4194 pastos,
1458 4122 1548 4176 tunica
1561 4119 1715 4191 palmarum
1733 4122 1808 4179 loliis
1820 4130 1936 4181 εοιιιειιι

311 4204 378 4274 giosi
390 4204 451 4268 riri,
466 4204 511 4259 ubi
529 4202 596 4257 burn
609 4205 762 4259 curationes
775 4220 887 4275 magum.
1151 4231 1215 4272 usus
1230 4224 1283 4279 est,
1302 4212 1378 4282 cnjus
1397 4214 1469 4268 inter
1495 4212 1678 4283 apostolorum
1693 4220 1724 4268 ει
1748 4214 1933 4285 prophetato·

345 4293 447 4348 llNort.
462 4293 594 4347 Nhldl'ilas
609 4293 758 4364 Theogenis
782 4294 918 4365 lltttt'iyl'is‚
933 4295 1041 4364 quislib
1055 4296 1100 4349 Li·
1149 4307 1247 4362 chop-og
1261 4305 1378 4358 animam
1392 4304 1426 4358 ad
1444 4301 1541 4358 coelum
1558 4301 1622 4357 ferri
1638 4303 1673 4357 ab
1686 4302 1793 4373 angelis
1812 4302 1935 4358 Antonius

311 4387 383 4442 einio
404 4384 510 4439 Caesare
533 4399 583 4452 por
597 4383 773 4438 Telieeotiom
787 4384 922 4439 tribunum
945 4386 1098 4454 pressionem
1148 4396 1225 4451 vidit,
1241 4394 1340 4449 anm
1352 4394 1395 4449 die
1409 4393 1501 4447 llomae
1519 4392 1546 4446 in
1563 4392 1723 4447 coemeterio
1738 4391 1842 4447 callisti
1855 4391 1934 4448 nanto

311 4475 455 4544 conplevit
468 4475 494 4526 in
508 4470 699 4541 Hellesponto:
713 4474 828 4541 primum
844 4474 915 4529 inter
928 4484 1045 4544 quatuor
1054 4492 1100 4532 co-
1150 4487 1278 4543 Miltiadis
1296 4486 1413 4556 eptsoepi
1429 4492 1457 4539 et
1483 4483 1656 4548 casinimontis,
1685 4484 1733 4553 qui
1753 4485 1890 4540 consuunt
1909 4483 1931 4536 in

311 4567 417 4621 lamnas
432 4573 525 4621 tensus
536 4564 653 4620 lustibus
675 4581 760 4621 eaesus
773 4575 830 4631 cst;
847 4567 943 4622 deindo
961 4568 987 4623 in
1009 4584 1100 4625 carce-
1149 4577 1296 4633 Ecclesiae
1316 4575 1442 4630 fidelibus
1471 4572 1545 4629 nulla
1560 4573 1664 4628 ratione
1680 4573 1707 4628 in
1721 4574 1868 4630 Dominiois
1881 4573 1930 4628 dis

312 4672 369 4712 rom
382 4657 489 4715 utisstts
502 4664 533 4709 ut
544 4655 580 4710 ihi
596 4654 667 4710 lame
681 4655 792 4726 periret,
805 4655 852 4710 sed
873 4655 979 4712 Domini
998 4658 1098 4728 pietate
1148 4671 1200 4725 pus
1215 4669 1401 4740 jejunandum,

311 4746 438 4801 invisibili
452 4746 511 4801 cibo
522 4746 559 4800 ibi
574 4760 621 4815 per
635 4762 668 4801 rr.
683 4746 741 4800 dies
754 4755 858 4815 pastus,
872 4747 898 4800 in
911 4747 1035 4803 laudibus
1048 4748 1095 4804 ilci
1108 4749 1136 4809 D
1183 4761 1215 4815 m
1237 4761 1276 4815 tp,
1292 4759 1407 4815 Eductio
1430 4758 1537 4815 nomint
1551 4758 1584 4813 de
1612 4756 1742 4828 AEgypto,
1771 4765 1800 4812 ει
1813 4756 1930 4811 nadritst

311 4837 417 4891 assidue
430 4837 571 4900 manebat3
587 4837 620 4890 ad
635 4836 757 4891 ultimum
772 4852 836 4891 tero
855 4836 881 4891 iu
902 4852 976 4891 mare
998 4839 1097 4894 missus

312 4928 500 4999 martyrizavit
510 4928 535 4993 b,
548 4941 626 4998 quem
647 4928 771 4992 Euricus,
788 4936 815 4982 et
828 4927 999 4994 Eustohbius,
1014 4938 1040 4983 et
1049 4930 1098 4984 Zo

311 5016 379 5080 nius,
396 5027 477 5087 atque
499 5016 659 5081 Germanus,
682 5016 804 5071 tollentes
825 5018 858 5071 de
877 5018 945 5072 mari
967 5018 1097 5079 miserunt

314 5108 340 5161 in
361 5108 488 5171 locarium,
503 5117 531 5163 et
549 5108 713 5178 sepelierunt
734 5109 761 5161 in
783 5107 841 5161 loro
855 5107 1028 5178 Hellesponti.
1048 5108 1098 5163 Ea-

311 5199 373 5253 dem
388 5199 431 5253 dic
444 5200 535 5269 passio
554 5198 638 5263 Petri,
652 5200 736 5270 quiet
755 5198 883 5264 Balsami,
895 5200 1033 5270 martyris,
1047 5200 1097 5259 sub

313 5291 503 5353 llaximiniano
524 5291 701 5360 imperatore,
724 5299 820 5362 agente
840 5290 942 5346 Severo
963 5291 1095 5361 praeside,

311 5446 423 5523 paganis
447 5444 498 5501 suh
517 5444 637 5516 principe
658 5444 811 5499 Christiano
830 5442 943 5499 necari?
964 5444 1096 5500 [liberunt

276 5535 278 5540 ·
312 5532 372 5586 tpuae
391 5516 425 5571 de
449 5517 594 5572 Almachio
616 5512 905 5571 reterttbeodoretos.
917 5514 972 5569 Nec
990 5516 1094 5570 scioan

313 5586 347 5641 ab
358 5588 529 5655 imperatore,
546 5602 556 5635 ι
570 5593 718 5653 martyrum
732 5584 815 5639 choro
830 5584 947 5654 potnerit
958 5584 1067 5639 ascribi.
1082 5601 1092 5636 r

313 5655 376 5710 llaeo
388 5657 460 5710 enim
471 5670 524 5709 non
535 5662 598 5709 sunt
615 5654 817 5722 imperatorum.
831 5656 987 5711 Bisuaorus.

348 5738 361 5765 ι
376 5725 452 5778 Nulla
467 5733 531 5778 tunc
542 5723 704 5793 persecutio.
720 5722 799 5777 Basx.

348 5793 363 5833 b
376 5793 438 5859 Pro,
454 5795 579 5864 mortprio
592 5794 700 5863 affectos
712 5803 759 5845 est.
774 5792 819 5846 Sic
829 5794 925 5863 saepius
937 5793 1058 5848 inferius.

350 5874 361 5901 ι
379 5864 441 5933 heg.
455 5863 574 5933 Epicteti,
593 5863 637 5932 qui
660 5876 754 5932 passus
768 5872 809 5917 est
830 5865 856 5916 iu
871 5864 960 5917 Alriea
975 5865 1025 5918 sub
1044 5863 1095 5920 tte

252 6001 255 6006 ¹
315 5933 364 5992 eto.
380 5934 457 5990 iltsn.

245 6007 264 6040 ·ι“

1149 4852 1235 4906 sancti
1263 4849 1346 4906 Salvii
1374 4849 1546 4914 eonlesson's,
1574 4848 1604 4902 iu
1626 4845 1705 4916 cujus
1729 4848 1814 4902 natali
1830 4855 1929 4902 sanctus

1148 4939 1313 5012 Augustinus
1337 4941 1449 4994 verbum
1464 4938 1528 4993 lecit
1538 4938 1571 4993 ad
1585 4937 1714 5008 populum
1734 4936 1897 5008 Carthagini.

1183 5031 1205 5086 ll
1233 5033 1271 5087 ln.
1294 5032 1324 5086 ln
1352 5031 1454 5085 Achaia
1478 5029 1607 5084 nativitas
1638 5036 1799 5083 sanctorum
1820 5026 1925 5098 cyriaci,

1148 5125 1288 5181 llosoentii
1305 5123 1319 5164 d
1335 5130 1362 5176 et
1384 5121 1475 5176 Saturi
1491 5131 1514 5185 ι,
1532 5119 1598 5173 civis
1619 5118 1725 5183 Arabi,
1747 5119 1794 5188 qui
1807 5118 1927 5173 transient

1149 5227 1214 5276 ante
1229 5213 1356 5284 templum
1367 5210 1507 5279 cuiusdam
1523 5210 1598 5274 idott,
1612 5207 1754 5264 insulllans
1765 5223 1825 5263 cnm
1837 5208 1925 5276 signas

1149 5313 1192 5363 set
1212 5305 1329 5359 frontem
1351 5302 1470 5366 corruit3
1494 5308 1617 5356 tenentes
1641 5315 1703 5356 eum
1722 5300 1823 5356 ibidem
1845 5299 1926 5354 ohser-

1184 5457 1279 5527 theg.
1308 5455 1465 5510 lnoooentii.
1480 5453 1574 5510 Nullus
1598 5462 1689 5509 ιιιιιειι
1716 5454 1886 5508 innocentius
1904 5453 1925 5504 ia

1148 5527 1346 5611 martyrologiis
1359 5540 1454 5595 passus
1465 5533 1509 5605 est
1521 5538 1613 5579 mense
1623 5521 1767 5605 lanuario.
1779 5524 1815 5578 ln.

1187 5608 1199 5636 ι
1213 5598 1323 5666 botpros
1338 5595 1489 5676 celebratur
1502 5592 1732 5676 todi-‘tslptolosstq
1746 5594 1866 5675 Romano
1877 5599 1925 5644 tan

1148 5681 1231 5748 quarn
1241 5680 1337 5735 passus
1348 5681 1375 5719 tn
1386 5664 1505 5747 Achataj
1516 5665 1560 5719 hto
1569 5664 1747 5744 dretturctvts
1756 5664 1861 5744 Arabo:
1871 5660 1927 5714 ΑΒ·

1149 5736 1210 5816 brus
1232 5743 1322 5814 autem
1335 5740 1379 5788 est
1400 5734 1474 5815 orbs·
1486 5750 1513 5788 rn
1526 5732 1629 5797 Persia,
1644 5748 1699 5788 non
1712 5732 1797 5815 lenge
1816 5735 1927 5810 ιΙιεειιιι

1148 5804 1229 5930 ιιυιέε
1238 5803 1359 5927 ίειιιειιειιι
1370 5818 1499 5932 ιιιιοιξιιῧιε.
1520 5802 1562 5858 An
1576 5801 1659 5857 Persa
1673 5813 1751 5858 rcnrt
1770 5820 1798 5860 tn
1810 5802 1927 5864 tonso

1149 5886 1224 5933 ειιι
1250 5882 1289 5932 ιιιι
1303 5887 1367 5930 neca
1399 5888 1413 5931 s
1477 5912 1484 5933 .
