4500 6842
312 663 369 750 uto
769 665 944 728 conarer.
964 665 998 725 ru
1017 660 1244 723 ezncmmnn.
1265 696 1299 707 -
1318 663 1381 721 nm.
1402 663 1469 721 mar.
1887 670 1939 726 mo

308 782 381 850 'neh
401 782 493 839 dieens
511 800 517 835 :
539 802 548 833 ι
566 779 671 838 heserti
685 783 761 839 tantais
778 784 903 844 datisnnt
917 784 951 839 ad
968 782 1099 839 derornn-
1113 782 1138 840 Α
1152 785 1192 832 tra
1205 777 1273 832 lilios
1283 777 1341 843 net,
1355 786 1382 832 ct
1393 779 1483 834 ‹loluse
1494 779 1594 848 attqutt
1607 782 1691 850 egerit
1702 789 1726 834 et
1737 781 1871 836 obsederit
1883 799 1939 848 cns,

314 872 398 930 dunat
413 888 488 928 anon
499 873 672 929 considerans
683 873 754 943 qnod
765 873 821 930 lunc
835 883 928 929 contra
940 872 1023 928 [lenna
1035 871 1103 926 blas·
1155 868 1275 922 tradetur
1285 868 1312 923 in
1324 883 1418 924 manans
1431 868 1510 940 gladii
1526 870 1595 925 sient
1607 887 1684 927 arunas
1697 872 1768 937 Scir,
1783 872 1808 927 ia
1823 882 1942 943 temporo

312 962 422 1037 phemio
432 964 604 1019 redundaret.
616 962 692 1020 Unde
704 965 825 1034 seqnitur
834 983 841 1019 ι
850 964 1101 1021 Letauteunirersa
1154 958 1304 1028 iniqnitatis
1313 967 1451 1024 extremm,
1460 973 1520 1014 erana
1532 961 1589 1015 dies
1600 979 1608 1030 q·
1616 962 1706 1016 uastant
1715 971 1779 1017 sunt
1790 974 1816 1018 ct
1828 966 1942 1020 nannius

311 1061 388 1112 terra
408 1054 435 1110 iu
447 1053 617 1111 solitudinem
635 1064 661 1110 te
680 1056 820 1126 redigam:
838 1065 1024 1121 restaurans,
1041 1069 1103 1111 enm
1153 1050 1181 1105 ia
1204 1040 1322 1122 maligno
1349 1051 1454 1120 positos
1478 1062 1531 1114 est,
1546 1061 1573 1107 et
1603 1052 1779 1122 anaildptienta
1801 1055 1941 1124 iniquitate

313 1146 404 1203 omnis
424 1157 497 1201 terra
512 1144 604 1200 ludeca
624 1146 756 1216 receperit
773 1145 917 1217 pristinum
943 1154 1052 1209 statum,
1074 1156 1101 1200 tn
1154 1141 1305 1211 refrigescit
1318 1142 1439 1196 charitas
1450 1142 1594 1196 multorum
1612 1143 1636 1213 (l
1650 1143 1730 1197 loeta.
1743 1144 1778 1217 a).
1795 1145 1841 1199 list
1852 1156 1940 1201 nartem

312 1234 487 1307 permanebis
506 1234 532 1289 in
553 1234 695 1289 solitudine
714 1235 890 1305 sempitema.
913 1234 1043 1305 Quodque
1063 1236 1103 1289 iu-
1154 1236 1181 1282 et
1195 1228 1265 1282 :aliud
1283 1239 1421 1299 peceatum
1442 1232 1541 1285 ntontis
1561 1232 1631 1295 Scir,
1646 1243 1673 1287 ιιι
1701 1235 1827 1303 qnoniam
1848 1237 1939 1290 ornan

312 1325 426 1382 lentur:
446 1342 457 1377 ι
484 1323 570 1379 Sicuti
593 1323 701 1395 gavisus
723 1338 753 1378 es
776 1338 856 1392 super
881 1323 1037 1379 haereditate
1055 1323 1103 1378 ‹lo-
1154 1318 1312 1388 sanguinein
1323 1319 1474 1388 justornm,
1489 1334 1569 1389 qneur
1583 1322 1695 1393 singulis
1710 1327 1941 1394 persecutionibu-¹

313 1432 375 1474 anns
395 1414 490 1483 lsrael,
516 1429 549 1471 co
574 1416 646 1487 qnod
672 1412 754 1469 lucrat
775 1414 916 1484 dissipata,
941 1413 980 1470 sic
1005 1413 1102 1469 luciam
1154 1406 1278 1478 cupiebat
1298 1408 1414 1474 enatant,
1430 1409 1465 1464 ab
1482 1411 1539 1480 ipso
1561 1414 1689 1482 satagtaiue
1704 1415 1835 1469 snstlnent
1848 1431 1940 1484 parsi·-

311 1506 372 1573 tilai,
384 1527 393 1560 ι
405 1506 433 1562 1ιι
447 1504 624 1577 Septuaginta
640 1520 692 1560 nou
706 1505 830 1568 hahetur,
842 1504 889 1558 sed
903 1505 953 1559 snb
964 1503 1103 1558 asteriscis
1153 1497 1299 1553 cntionem.
1330 1497 1407 1553 Unde
1434 1510 1462 1554 et
1487 1502 1537 1556 sula
1564 1502 1639 1556 altari
1664 1513 1819 1559 sanctornm
1846 1507 1942 1560 aniane

311 1606 347 1654 ne
357 1596 549 1653 'theodotionis
560 1595 686 1651 versione
697 1594 819 1650 additum
829 1601 881 1649 est.
904 1594 1102 1650 Omnisantem
1153 1587 1296 1643 clamitant
1316 1599 1344 1644 et
1359 1588 1488 1646 ditionem
1512 1608 1526 1645 n
1549 1591 1665 1647 Doariinu
1678 1595 1717 1648 sui
1742 1597 1879 1666 sanguinis
1898 1596 1942 1649 d·-

311 1688 353 1745 lra
366 1688 414 1745 liei
429 1686 492 1742 illue
509 1684 617 1756 prolicit
637 1692 732 1740 contra
758 1692 875 1739 montem
897 1682 967 1748 Scir,
984 1691 1014 1739 ot
1040 1698 1102 1738 cum
1152 1686 1298 1749 precantur
1320 1679 1411 1751 (Aper.
1429 1680 1477 1752 aa).
1495 1682 1527 1736 Et
1549 1682 1754 1740 aaalcruntnrdo
1777 1695 1867 1740 nauare
1883 1688 1943 1740 Scir

312 1777 396 1833 luerit
408 1776 567 1847 dissipatus,
580 1785 608 1830 et
623 1774 720 1844 ipscet
732 1772 858 1829 uniuersa
874 1774 989 1829 ldumaen
1004 1788 1102 1845 oogtin·
1153 1779 1249 1826 euutcs
1274 1778 1302 1827 et
1320 1771 1478 1839 redeuntes,
1502 1774 1528 1828 id
1551 1782 1594 1829 est
1615 1776 1703 1831 omnis
1727 1777 1863 1832 habitatur
1886 1779 1942 1832 sire

312 1874 392 1924 scant
405 1866 469 1939 quia
484 1865 591 1936 ipsesit
601 1864 740 1921 Dominus.
758 1864 820 1919 llme
829 1862 908 1933 lustu
921 1863 1060 1919 historiam
1074 1872 1102 1918 ct
1154 1862 1276 1917 homines
1290 1872 1319 1919 et
1338 1862 1472 1934 jumenta,
1487 1866 1558 1937 qnod
1571 1867 1709 1923 saltantur
1722 1871 1748 1924 in
1770 1871 1895 1935 ecelesia,
1910 1873 1943 1925 alo

312 1972 421 2013 setasnm
439 1955 525 2027 magis
541 1955 715 2027 quarnaerba
723 1955 824 2009 cursim
838 1954 966 2011 dixerim:
980 1954 1102 2009 transibo
1153 1955 1250 2023 quihus
1263 1956 1392 2027 seriptum
1413 1965 1457 2012 est
1471 1976 1478 2012 ε
1494 1957 1505 2010 ἰ
1524 1958 1651 2015 llomines
1665 1970 1693 2015 et
1712 1962 1833 2032 jaraircntn
1855 1965 1942 2020 salins

312 2048 346 2102 ιιιΙ
356 2050 498 2121 ἀναγωγήν,
511 2055 538 2101 et
551 2045 639 2101 studio
650 2045 789 2106 brevitatis
800 2060 884 2115 pintana
898 2044 1077 2115 perstringam
1092 2062 1098 2096 :
1154 2043 1253 2111 lacius,
1268 2046 1380 2102 Domine
1394 2045 1480 2119 (Paul.
1497 2049 1590 2122 xxxv).
1610 2070 1619 2101 a
1642 2051 1716 2119 Quod
1732 2053 1759 2107 in
1780 2064 1870 2110 raaonte
1883 2055 1943 2112 Saia

314 2154 324 2188 ι
346 2135 431 2202 Pone,
453 2154 463 2188 i
486 2135 583 2206 inquit,
597 2135 654 2190 sire
668 2143 795 2189 conuerte
813 2153 821 2185 ι
845 2133 942 2189 lactem
959 2141 1031 2187 trram
1055 2136 1103 2188 ad·
1117 2126 1141 2186 B
1155 2146 1297 2207 utrumqne
1319 2138 1434 2205 deletur,
1462 2148 1492 2195 nt
1515 2151 1543 2197 et
1566 2142 1608 2209 hi,
1633 2145 1679 2213 qni
1700 2145 1825 2201 ridentur
1841 2148 1942 2219 aliquid

311 2242 423 2284 uersum·
433 2237 551 2282 anontem
567 2225 637 2283 Seii.
656 2247 664 2278 a
688 2227 721 2281 Et
739 2225 932 2297 significanter,
945 2226 994 2292 ait,
1012 2245 1021 2277 ι
1038 2242 1102 2282 eon·
1153 2230 1253 2287 habere
1264 2234 1387 2299 rationis,
1399 2244 1426 2290 et
1437 2235 1473 2289 illi
1484 2235 1529 2306 qni
1543 2236 1657 2308 simplici
1672 2237 1723 2292 lale
1733 2240 1853 2293 conterati
1867 2251 1940 2303 sont,

311 2329 410 2376 terma
426 2320 666 2390 ahaliaprophetia
676 2320 708 2374 ad
723 2319 802 2373 aliam
814 2319 1101 2390 prophetiaaa:laeiena
1153 2324 1209 2381 hen
1223 2325 1334 2394 jubente
1349 2327 1513 2397 dispereant.
1531 2346 1541 2379 ι
1562 2329 1594 2383 Ει
1609 2329 1754 2399 hnplentnr
1766 2338 1871 2387 nauancs
1885 2331 1943 2400 rjus

310 2417 402 2465 001010
431 2425 482 2464 000
510 2409 647 2479 corporis.
673 2411 720 2465 set!
746 2409 840 2474 11οῑ00,
856 2410 889 2463 00
916 2424 969 2479 qua
990 2410 1054 2465 dicit
1075 2418 1103 2464 et
1152 2414 1354 2470 uulneratorum
1373 2416 1941 2484 etoeeisoruna.›Etraoatsolnnaraaontes,

309 2501 474 2574 Apostolus:
489 2519 498 2551 ι
514 2499 568 2555 Nos
578 2511 665 2556 antona
676 2516 770 2557 oannes
784 2496 900 2556 rerelata
911 2499 979 2556 lucie
989 2500 1102 2571 gloriam
1152 2506 1198 2575 qni
1212 2506 1245 2561 ad
1267 2506 1413 2578 impietatis
1426 2507 1555 2563 rcrticcaa
1575 2516 1770 2577 peruenerant,
1793 2508 1839 2563 sed
1861 2510 1942 2564 colles

312 2589 421 2648 1)οωίιί
434 2589 659 2661 contemplantes.
681 2589 783 2647 illotas
796 2598 886 2646 antem
911 2591 979 2655 Scir,
992 2592 1037 2663 qni
1062 2592 1102 2647 in·
1152 2610 1270 2666 quoquae,
1284 2596 1335 2653 hoe
1349 2604 1389 2652 est
1411 2597 1555 2654 inferiores
1571 2598 1692 2669 discipuli
1714 2598 1892 2664 naontisSeir,
1915 2609 1943 2653 et

310 2691 478 2756 terpretatur
491 2683 608 2755 hispidus
635 2691 664 2738 et
687 2683 797 2754 pilosus,
813 2684 949 2739 contraria
972 2682 1102 2738 lortitndo
1152 2686 1307 2758 uallesque
1320 2688 1347 2742 in
1363 2688 1416 2742 ima
1431 2688 1564 2759 depressae
1578 2697 1651 2754 sunt,
1666 2688 1724 2744 sire
1737 2697 1879 2756 torrentes,
1895 2689 1942 2758 qui

308 2775 467 2848 accipienda
481 2784 533 2841 est,
551 2791 611 2847 quae
629 2776 790 2846 praesidebat
802 2774 873 2847 genti
891 2776 1005 2831 liliorum
1018 2776 1101 2841 lisau,
1152 2777 1274 2833 turbidas
1295 2777 1397 2833 babent
1417 2792 1470 2847 aqu
1488 2793 1518 2843 s,
1538 2786 1565 2833 et
1579 2779 1641 2833 hinc
1662 2779 1723 2834 lude
1736 2779 1874 2842 collectas,
1896 2794 1941 2834 nu·

308 2877 338 2924 et
350 2882 380 2924 se
394 2874 488 2923 eontra
501 2866 628 2938 populum
652 2866 731 2932 laida,
754 2865 779 2921 id
802 2877 856 2932 est,
873 2866 1049 2923 coralessionis
1075 2880 1101 2924 et
1152 2868 1312 2938 nientesqne
1323 2867 1357 2923 de
1369 2867 1504 2938 snperbia,
1519 2868 1572 2935 rel,
1584 2866 1659 2937 juxta
1672 2867 1754 2932 Lxx,
1769 2885 1883 2938 euripos,
1896 2868 1943 2938 qni

307 2975 381 3017 aerae
394 2958 456 3016 ddei
471 2969 607 3016 erexerat.
623 2959 701 3027 Quod
724 2959 746 3014 si
775 2953 892 3029 priulens
914 2959 999 3015 lector
1018 2975 1100 3030 oppa
1152 2961 1234 3017 medii
1249 2961 1320 3017 inter
1333 2959 1416 3015 eolles
1427 2968 1455 3014 et
1471 2958 1554 3015 ualles
1569 2967 1640 3015 sunt.
1652 2958 1685 3014 lli
1698 2973 1794 3014 omncs
1807 2957 1941 3014 interlecti

308 3051 405 3116 suerit,
427 3052 561 3122 quomodo
573 3051 600 3105 in
616 3052 667 3106 isto
683 3050 740 3106 loco
764 3050 836 3115 Seir,
852 3051 904 3105 lmc
922 3060 964 3105 cst
980 3050 1101 3120 hispidus
1151 3053 1249 3109 cadent
1262 3052 1350 3125 gladio
1365 3051 1483 3118 Domini,
1499 3060 1526 3106 ct
1540 3058 1657 3106 externae
1671 3063 1766 3104 naanos
1780 3056 1861 3118 atque
1881 3064 1942 3119 per·

307 3150 338 3197 et
351 3140 464 3212 pluens,
478 3141 644 3212 intelligatur
659 3140 685 3194 in
700 3139 798 3193 rutulam
816 3149 932 3210 partein,
956 3155 1017 3195 cum
1029 3138 1101 3193 Elias
1151 3143 1295 3210 cudentis,
1318 3152 1349 3197 ut
1362 3141 1520 3213 redigantur
1531 3141 1558 3196 ira
1581 3139 1739 3196 solitudines
1747 3139 1941 3210 sempiternas.

306 3247 416 3304 quaeque
430 3232 473 3287 vir
485 3232 587 3303 pilosus
598 3231 687 3287 dietus
707 3231 752 3297 sit,
766 3231 885 3286 hreriter
909 3230 1076 3299 respondebo
1092 3247 1098 3284 :
1151 3232 1186 3288 lit
1203 3232 1224 3287 si
1237 3247 1298 3305 que
1307 3239 1386 3287 eraut
1398 3231 1531 3297 cirinus,
1546 3231 1597 3286 ltoe
1609 3240 1662 3296 est,
1674 3227 1852 3285 conciliabula
1864 3228 1942 3283 orale

307 3321 349 3379 lte
361 3323 431 3379 Esau
444 3324 574 3393 scriptum
589 3331 632 3377 est
646 3320 721 3394 (Geir.
741 3321 817 3392 ιιι),
832 3322 903 3391 qnod
918 3321 994 3377 ruins
1019 3320 1101 3377 lracrit
1151 3322 1339 3388 habitationis,
1353 3330 1381 3378 et
1398 3322 1462 3391 ipse
1475 3320 1641 3393 dispereant,
1661 3328 1690 3375 et
1703 3318 1828 3375 desinant
1841 3320 1867 3373 in
1882 3335 1941 3373 ma-

306 3421 338 3470 et
359 3413 437 3483 qnasi
460 3412 539 3484 pellis
566 3412 705 3482 hispidae:
731 3412 763 3467 de
784 3411 842 3466 Elia
865 3427 941 3477 aero,
971 3411 1041 3482 quod
1060 3411 1101 3466 uir
1153 3413 1206 3468 lam
1220 3422 1325 3484 partem
1340 3412 1441 3466 hahere
1451 3425 1624 3492 eonsensum.
1636 3411 1670 3466 Et
1682 3410 1942 3479 dividanturlingne

308 3511 416 3560 tanatum
429 3503 540 3574 pilosus.
556 3502 584 3558 ln
607 3502 688 3569 Esau,
702 3503 747 3573 qui
763 3503 952 3574 sanguinarius
964 3511 991 3556 et
1003 3516 1100 3557 ernen-
1113 3474 1137 3538 C
1152 3520 1259 3567 corum,
1281 3518 1315 3559 ne
1328 3512 1429 3559 turrem
1444 3503 1618 3572 blasphemiae
1630 3510 1724 3559 contra
1738 3502 1822 3557 θιιιιιι
1838 3501 1942 3572 possint

307 3603 353 3652 tua
365 3594 429 3665 pelli
440 3595 564 3665 bispida
577 3603 750 3665 eoanparatnr
770 3593 923 3649 mortalium
940 3607 1052 3663 opernm
1073 3602 1100 3649 et
1151 3604 1308 3661 exstruere,
1321 3603 1348 3650 et
1360 3594 1476 3650 redacte
1487 3593 1697 3649 insolitndinem
1711 3602 1795 3664 atque
1806 3595 1940 3649 desertum

306 3687 394 3759 ipsius
416 3689 512 3742 mortis
528 3687 655 3743 iudicium
678 3695 743 3742 est:
763 3687 789 3741 in
813 3686 870 3741 Elia
895 3686 1031 3742 virilitatis
1052 3702 1100 3741 au·
1151 3684 1669 3757 cogitoscant,qnodipsesitliominns.
1682 3683 1844 3740 Necsnhieit
1857 3686 1942 3741 naorati

306 3786 448 3852 qmentnm
463 3776 516 3849 (ll'
530 3777 594 3849 lieu.
609 3776 640 3849 ι).
656 3776 836 3844 Qtramohrenr
848 3783 876 3832 et
890 3776 1021 3832 hahitatio
1043 3776 1101 3845 citas
1153 3777 1215 3834 Setr
1230 3786 1305 3832 tanta
1329 3778 1442 3843 dixisse,
1459 3786 1518 3848 quae
1529 3777 1683 3847 praeteritus
1701 3792 1792 3833 sermo
1812 3779 1942 3844 narrarit,

306 3868 337 3926 in
348 3869 493 3926 solitudine
505 3877 533 3926 et
544 3868 761 3925 conversationis
779 3871 924 3923 naastcritas
938 3884 991 3924 arou
1014 3869 1101 3925 soloin
1152 3870 1200 3925 seul
1213 3870 1264 3924 hoo
1278 3884 1402 3941 quoqne,
1417 3884 1466 3940 per
1480 3866 1635 3937 superbiora
1650 3867 1755 3922 loeutus
1767 3875 1830 3922 est:
1850 3885 1859 3917 ι
1877 3865 1942 3922 Duae

307 3959 409 4026 virum,
433 3961 481 4015 sel
504 3969 533 4017 et
557 3961 645 4016 rirnm
673 3960 851 4016 tectissimum
888 3960 1099 4018 demonstrabat.
1152 3964 1789 4036 gentesetdnaeterrmsireregioucsmeaesnnt.
1804 3981 1813 4014 t
1827 3960 1942 4015 ldnmaea

307 4047 394 4106 P⁰tr⁰
409 4047 503 4117 lamb,
517 4050 564 4120 (1¹¹i
589 4049 810 4121 supplantaverat
830 4049 913 4114 58³⁰>
925 4060 952 4105 et
965 4051 1101 4121 1000030-
1151 4057 1277 4114 videlieet
1288 4064 1316 4113 et
1328 4056 1429 4121 iudea,
1445 4065 1473 4112 ct
1488 4055 1629 4111 laareticos
1641 4061 1668 4110 et
1680 4052 1878 4110 ecclesiasticos
1892 4067 1941 4121 pa-

309 4142 367 4198 nita
381 4139 441 4210 ejus
460 4150 609 4212 acceperat,
624 4142 686 4213 qnia
701 4141 861 4211 siuapliciter
873 4141 1011 4199 habitabat
1030 4143 1102 4199 domi
1152 4149 1219 4204 riter
1229 4148 1382 4221 possidebo.
1395 4148 1428 4203 Et
1441 4148 1503 4212 hnc,
1519 4146 1616 4217 inquit,
1633 4144 1734 4209 dixisti,
1750 4163 1759 4196 ι
1776 4159 1838 4200 eum
1852 4143 1943 4198 Donati·

307 4243 337 4291 ct
348 4249 402 4290 non
416 4243 477 4290 erat
489 4244 601 4291 reuawr
614 4236 684 4291 sicot
697 4236 772 4308 gigas
785 4234 912 4302 Nemrod,
926 4236 1026 4293 ideirco
1036 4236 1103 4293 levis
1152 4255 1205 4295 nus
1218 4245 1291 4295 esset
1304 4236 1350 4301 ihi,
1368 4255 1377 4288 t
1394 4236 1440 4307 qui
1454 4252 1504 4292 suo
1520 4234 1618 4307 populo
1627 4232 1796 4305 praesidebat.
1814 4231 1940 4301 Propter·

308 4324 460 4395 appellatur
471 4332 498 4380 et
513 4325 622 4381 nitidus.
638 4323 784 4381 Videamus
796 4340 873 4397 ergo,
889 4326 952 4396 qnid
963 4326 1015 4381 dici
1036 4343 1105 4396 pac·
1152 4343 1184 4384 ea
1202 4328 1277 4398 jurat
1287 4328 1416 4383 [lominus
1427 4335 1454 4383 et
1466 4326 1531 4382 dicit
1544 4344 1551 4380 ι
1563 4344 1572 4377 ι
1588 4324 1654 4380 iti-a
1663 4339 1723 4395 ego,
1734 4323 1800 4379 dicit
1811 4322 1942 4378 horatiana

308 4413 393 4484 cipiet
408 4413 479 4469 tiens
496 4414 530 4468 ad
544 4424 662 4470 montom
688 4415 745 4470 sire
767 4426 862 4471 eontra
886 4424 1004 4470 montena
1030 4417 1101 4482 seir,
1153 4420 1239 4485 Dens,
1258 4420 1439 4491 aquodjoxta
1455 4419 1524 4472 iram
1538 4425 1613 4472 tuam
1627 4432 1679 4486 qua
1695 4414 1824 4471 scriebas
1843 4414 1869 4468 in
1891 4429 1942 4482 qm-

312 4522 322 4556 ι
345 4502 416 4559 Eece
431 4518 481 4574 ego
499 4504 533 4559 aul
551 4513 586 4571 te,
606 4520 684 4560 arruns
702 4505 771 4562 Scir.
791 4526 801 4557 a
818 4506 876 4561 Non
892 4508 995 4562 mittam
1022 4525 1103 4578 ange-
1152 4511 1244 4580 pulum
1256 4510 1314 4576 liei,
1327 4509 1451 4565 etrelnm
1464 4517 1549 4573 tunna,
1560 4523 1614 4577 qnn
1624 4505 1829 4579 persequebaris
1841 4504 1941 4559 Clnisn

309 4591 361 4659 los,
380 4609 430 4650 nee
440 4593 500 4650 aliis
513 4604 573 4651 utar
588 4596 730 4662 nainistris,
750 4596 797 4652 sed
812 4596 869 4667 ipse
881 4599 915 4653 ad
933 4607 959 4653 te
979 4599 1101 4657 rendam.
1153 4601 1295 4666 tantillam,
1309 4602 1372 4658 odio
1383 4602 1487 4657 habens
1502 4616 1558 4664 cos,
1574 4614 1641 4669 qnos
1655 4597 1791 4667 possidere
1802 4594 1939 4663 capiebas.

312 4699 322 4735 ι
344 4681 378 4737 Et
387 4684 530 4739 exoendam
544 4691 653 4739 mannua
665 4700 752 4741 meam
766 4696 893 4778 superte,
918 4697 969 4742 tot
981 4687 1101 4742 hobitum
1153 4693 1219 4747 Cum
1246 4701 1272 4747 tc-
1287 4706 1446 4762 percnssem
1460 4699 1492 4745 ιι·
1506 4690 1681 4760 judicarent,
1708 4692 1772 4739 tnnc
1791 4683 1838 4736 tibi
1862 4690 1941 4735 lautus

307 4775 486 4845 percutientis
505 4774 682 4829 adsumam«
704 4777 737 4831 Et
751 4776 820 4831 daho
841 4785 867 4833 te
885 4777 1033 4833 desolatum
1058 4787 1100 4831 at·
1116 4820 1140 4879 D
1154 4783 1292 4840 ellieiarct
1308 4784 1377 4839 scies
1397 4783 1468 4852 qual
1489 4778 1632 4849 opprobria
1651 4786 1695 4830 tua
1715 4784 1791 4844 itaquae
1813 4772 1940 4842 blasphe-

307 4880 362 4936 que
376 4865 524 4930 desertum,
539 4878 570 4921 nt
581 4866 626 4937 qui
642 4867 712 4922 male
735 4866 912 4936 habitabaris,
925 4879 952 4925 et
971 4870 1101 4939 plurimos
1153 4874 1222 4928 anias
1235 4889 1287 4927 nnn
1303 4867 1356 4927 allo
1369 4871 1501 4926 relercute
1520 4867 1690 4939 eogaaorurim
1715 4864 1761 4918 scd
1779 4864 1836 4932 ipse
1850 4861 1940 4916 natalie·

308 4954 582 5026 0000003Ῑο0οῙ0οῑ0
597 4965 649 5011 100)
665 4957 1102 5022 00003,ῑο001010010100003
1152 4966 1214 5030 ιίιιι,
1230 4979 1291 5035 quaa
1312 4963 1418 5018 luctatos
1442 4977 1472 5016 es
1493 4969 1587 5014 eontra
1604 4965 1707 5013 naorates
1724 4956 1805 5011 lsrael
1825 4956 1939 5010 diceus:

306 5055 482 5113 01500000,
495 5045 690 5117 ἰ0010000010100
710 5047 757 5102 libi
776 5048 914 5118 1001100ῐο
937 5047 1098 5113 vindicares,
1155 5074 1164 5105 ι
1182 5053 1375 5111 llesertinohis
1390 5051 1445 5106 dati
1459 5050 1570 5105 suntad
1591 5047 1785 5103 decorandum.
1803 5067 1812 5099 ι
1838 5044 1941 5100 llontcs

306 5151 381 5196 nune
396 5137 533 5194 desolatus
555 5153 616 5193 curn
629 5139 742 5194 orbibus
766 5140 830 5203 tuis,
849 5155 917 5210 qnm
930 5148 957 5194 et
968 5138 1100 5196 Ieremias
1150 5144 1244 5211 lsrael,
1264 5142 1384 5214 hloysen,
1400 5142 1563 5212 pmphetas,
1576 5140 1710 5210 apostolos
1729 5138 1858 5193 debemus
1871 5140 1941 5193 auti-

305 5228 449 5289 destruere
460 5228 571 5301 juhetur
583 5240 665 5300 atque
676 5230 819 5295 snlhnlero,
841 5239 870 5286 nt
881 5233 964 5287 honus
986 5247 1036 5301 pro
1059 5232 1099 5289 cis
1151 5252 1224 5307 pere,
1238 5250 1307 5305 qnos
1316 5234 1435 5289 herenei
1446 5242 1473 5288 et
1485 5233 1672 5288 haereticorum
1683 5232 1808 5301 princeps
1819 5231 1940 5286 diabalns

306 5319 1098 5391 exstruatciaitates.loeoprulleies,utsciasqnodegosirn
1150 5322 1941 5398 pntaatsibitraditosadderorandnna,quanduantunlhas

306 5407 450 5475 ssouainns,
461 5425 541 5480 qoem
552 5418 616 5465 ante
629 5409 802 5465 solitudinem
819 5410 947 5466 ini-nosse
958 5426 1010 5466 raon
1023 5421 1099 5482 poto-
1151 5416 1178 5471 in
1189 5415 1303 5471 eeclesia
1316 5414 1449 5486 reperitur
1462 5412 1509 5484 qni
1533 5412 1619 5483 possit
1640 5427 1759 5484 pugnare-
1775 5426 1825 5481 pro
1845 5413 1941 5465 inorati-

306 5513 362 5554 ¹²³·
376 5495 570 5554 0100000100
581 5513 663 5554 causa
674 5499 789 5569 peccad,
801 5498 963 5570 quantaeuis
973 5500 1098 5558 inimicos
1150 5506 1201 5562 hus
1214 5505 1330 5571 houaini,
1340 5514 1466 5561 eteorum
1477 5503 1667 5559 lacerationem
1678 5517 1728 5558 sna
1742 5500 1943 5555 roeedelende·

304 5588 500 5658 senapiternns,
518 5587 594 5645 llnde
616 5588 683 5645 dicit
705 5599 733 5644 et
754 5589 873 5661 psalmus
889 5608 902 5643 z>
914 5608 929 5642 r·
947 5590 1099 5647 irascimini
1150 5613 1190 5654 re.
1207 5617 1217 5649 ‹
1234 5598 1269 5653 Et
1281 5597 1480 5659 insurrexistis,
1498 5596 1593 5667 inquit,
1606 5610 1687 5666 snper
1696 5607 1739 5648 ane
1754 5608 1801 5649 ore
1813 5600 1913 5656 restro,
1929 5610 1937 5640 a

304 5678 436 5735 0100010
453 5692 567 5750 imre
590 5675 677 5746 (Peal.
693 5678 742 5751 01),
761 5688 818 5734 ant
841 5681 896 5735 0110
921 5680 1098 5736 0000100000
1149 5689 1207 5743 sire
1229 5687 1370 5759 magantiae
1393 5686 1475 5743 loeaati
1494 5685 1571 5751 estis,
1593 5700 1647 5740 nou
1674 5691 1704 5737 nt
1724 5682 1824 5753 putatis
1844 5688 1938 5736 cotnra

305 5768 426 5828 inimicia
437 5779 468 5825 et
491 5770 581 5826 odium
595 5770 885 5826 altentatemntomns.
901 5772 954 5827 Sed
969 5787 1021 5827 non
1036 5772 1097 5826 talis
1149 5787 1265 5841 natantes,
1277 5778 1325 5833 sed
1349 5793 1397 5848 per
1412 5777 1471 5832 illos
1483 5776 1626 5831 aduersum
1645 5788 1696 5828 me.
1715 5791 1724 5823 ι
1743 5772 1777 5826 lit
1789 5770 1939 5841 demqnstis

305 5858 1097 5933 1110003010,Ὶο001010001001005000100000050000000
1148 5872 1205 5928 sire
1219 5873 1357 5928 rlaanastis
1381 5872 1523 5926 adversum
1536 5884 1589 5925 nte.
1609 5887 1618 5919 t
1638 5868 1737 5923 (inanes
1759 5865 1831 5921 enirn
1846 5877 1940 5933 preces

306 5951 478 6009 ulreoltsedit
492 5953 561 6009 tilios
576 5952 662 6009 lsrael
672 5952 735 6008 dolo
752 5953 778 6007 in
799 5968 880 6007 nanno
890 5953 1030 6024 gladiilir
1043 5970 1097 6024 qno
1149 5971 1256 6028 restra,
1275 5976 1380 6017 omons
1391 5959 1461 6025 Scir,
1474 5967 1500 6013 et
1514 5957 1580 6012 socii
1595 5957 1694 6011 naontis
1708 5954 1780 6020 Scir,
1799 5953 1939 6023 dequibus

306 6043 483 6118 intelligimus
496 6046 567 6117 qnod
578 6046 738 6118 quicumque
749 6045 867 6118 qtalhm
878 6047 1022 6119 arripuerit
1033 6063 1097 6104 cora·
1148 6067 1229 6124 sopra
1239 6053 1391 6109 dictumest
1402 6070 1408 6104 :
1424 6069 1433 6104 ι
1446 6048 1563 6120 implebo
1576 6055 1682 6104 montes
1695 6044 1753 6117 ejus
1766 6053 1794 6102 et
1805 6043 1898 6110 codes,
1909 6057 1936 6101 et
