4500 6842
311 675 358 732 tttl
794 672 972 732 dobunt.
991 673 1026 730 ΙΝ
1047 671 1274 731 memma.
1293 705 1329 719 -
1346 676 1400 732 1111
1421 676 1452 731 x.
1593 693 1598 700 ·
1886 677 1939 734 Ἴθι

306 805 385 856 rum,
404 791 489 847 robur
501 789 626 847 videlieet
638 801 667 851 ιι
680 790 864 851 fortitudinem
880 788 967 853 lloab,
981 787 1016 846 de
1029 788 1097 846 ciri·
1111 789 1279 859 Aouidquid
1293 791 1328 846 ad
1342 800 1477 847 terrenam
1489 791 1631 848 seierrdam
1643 793 1775 862 pertinet,
1790 799 1819 849 et
1830 800 1940 864 potatur

306 883 411 940 tatibus
427 877 487 952 ejus
500 879 714 944 dissoluturum,
739 880 795 936 sire
815 889 988 951 apertumm,
1011 888 1042 934 ut
1063 881 1098 937 ad
1149 883 1362 938 esserobustom
1388 884 1441 939 boe
1462 881 1604 937 dialectica
1630 891 1690 937 arte
1715 882 1898 947 subvertitur,
1912 891 1941 937 et

307 975 382 1046 ipsos
394 989 501 1045 quoque
514 971 677 1044 babylonius
692 972 780 1026 victor
794 972 921 1037 introeat,
935 980 963 1026 et
973 971 1097 1027 civitates
1149 969 1235 1024 instar
1253 970 1370 1026 incendii
1393 970 1420 1024 in
1436 971 1543 1025 eineres
1558 969 1717 1039 favillasque
1730 968 1896 1033 dissolvitur,
1911 979 1941 1024 ut

306 1064 335 1121 iu
347 1063 426 1120 bioab
437 1077 500 1119 csse
513 1063 656 1126 desistant,
667 1070 695 1117 et
708 1061 734 1115 in
748 1061 847 1116 lruibus
860 1060 919 1130 rjus
933 1077 964 1117 ac
976 1062 1097 1117 terminis
1149 1060 1278 1127 probetur
1296 1058 1374 1113 nibili
1396 1060 1460 1128 quid
1488 1061 1637 1129 putabatur
1662 1074 1723 1114 csse
1750 1060 1938 1114 fortissimum.

306 1155 391 1212 urbes
402 1155 509 1225 inclytae
519 1152 704 1217 destruantur,
716 1167 830 1223 quarum
841 1151 917 1221 ponit
930 1152 1037 1207 nonaina
1049 1151 1099 1204 llo·
1149 1148 1201 1204 Sed
1215 1159 1242 1204 et
1259 1150 1343 1206 isaias
1361 1150 1514 1220 superbiam
1530 1152 1619 1220 arguit
1630 1151 1719 1215 bioab,
1734 1151 1828 1206 dicens
1844 1166 1851 1204 :
1865 1149 1940 1204 rriu-

307 1247 480 1303 tbiesimotb.
496 1255 523 1301 et
538 1245 691 1307 beelmeon,
707 1252 734 1299 ct
747 1241 923 1307 Cariatbaim‚
939 1258 988 1313 pro
1001 1242 1099 1312 quibus
1148 1240 1266 1295 dirimas
1287 1240 1479 1295 contumeliam
1505 1240 1600 1305 bloab,
1614 1241 1825 1296 contumeliosus
1838 1249 1881 1295 est
1900 1240 1941 1294 ni·

306 1338 619 1410 nescioquidroleutes,
630 1335 702 1392 Lxx
715 1335 886 1405 interpretati
910 1344 974 1390 suut
988 1334 1098 1388 doraum
1150 1332 1201 1386 mis
1216 1347 1223 1385 ι
1241 1333 1395 1401 superbiam
1410 1333 1469 1402 ejus
1494 1331 1593 1386 abstuli
1612 1332 1680 1402 (lm.
1699 1333 1765 1403 ιιι).
1783 1352 1793 1385 ι
1808 1331 1941 1388 ieremias

306 1429 375 1486 Betlr
388 1428 597 1492 loaimmbmum
616 1428 669 1483 boc
684 1425 844 1481 vocabulum
858 1423 949 1479 rillam
964 1425 1099 1479 desertam
1149 1436 1256 1493 qaoque
1280 1432 1372 1477 contra
1393 1437 1488 1477 omues
1511 1424 1662 1478 vaticinans
1687 1423 1810 1477 nationes
1833 1422 1941 1491 proprie

307 1519 453 1594 significet.
471 1518 614 1574 beelmeon
626 1530 733 1588 qnoque
746 1529 830 1585 traque
841 1515 921 1570 borlie
933 1514 960 1568 in
973 1511 1050 1569 lloab
1060 1513 1100 1567 ri·
1149 1510 1268 1582 loquitur
1290 1513 1324 1566 ad
1339 1512 1436 1567 Moab:
1453 1532 1462 1564 ι
1481 1512 1614 1579 Quoniam
1628 1512 1783 1568 eorrsstlobas
1805 1513 1830 1566 in
1855 1511 1941 1566 moui·

307 1624 357 1665 cus
368 1607 559 1672 sitmaximus,
569 1620 650 1676 (prtem
666 1604 704 1660 illi
714 1612 855 1667 rorterunt
866 1618 945 1672 saper
956 1602 1064 1671 sontem,
1072 1608 1101 1655 et
1149 1603 1268 1658 tionibus
1293 1604 1346 1657 tuis
1370 1602 1437 1672 (der.
1464 1604 1572 1673 ιιιιιι).
1601 1623 1611 1656 ι
1636 1604 1671 1658 Ει
1692 1613 1753 1674 pust
1775 1602 1940 1672 paululum:

307 1697 615 1756 Cariatbaimcioitotem
631 1697 808 1757 maritimam:
826 1693 1099 1763 trarlituroueetipsa
1152 1695 1292 1750 «habebis
1315 1696 1441 1750 llduciam
1466 1697 1493 1750 in
1517 1696 1603 1765 gloria
1634 1703 1690 1750 tua.
1713 1715 1722 1746 ι
1748 1696 1782 1750 Ει
1805 1695 1906 1750 iterum
1932 1712 1939 1749 ι

307 1806 371 1847 cunr
385 1791 448 1846 liliis
459 1789 654 1854 Ammon,lllils
661 1787 790 1851 Orientis,
801 1786 955 1857 babyloniis
963 1785 1098 1851 videlieet,
1152 1803 1163 1838 ι
1183 1786 1324 1854 eromodo
1338 1785 1426 1841 dicitis
1440 1786 1525 1842 fortes
1535 1789 1668 1842 sumusi»
1683 1785 1722 1841 Ae
1733 1787 1830 1841 deinde
1840 1803 1848 1840 :
1859 1783 1942 1840 Juxta

304 1878 387 1950 iuxta
408 1879 484 1935 illum
505 1894 615 1935 sensum
634 1893 713 1950 qrrem
728 1885 821 1933 contra
837 1876 907 1932 filios
919 1877 1034 1932 Ammon
1056 1877 1100 1931 in·
1149 1879 1259 1933 estdies
1271 1878 1347 1934 lloalr
1359 1886 1388 1933 ut
1399 1880 1499 1941 renim.
1510 1888 1538 1934 ιι
1548 1879 1650 1933 malitia
1661 1877 1719 1947 rjus
1733 1878 1810 1933 relos
1822 1877 1913 1934 nimia.
1928 1896 1939 1931 ι

307 1961 452 2042 terpretati
468 1984 572 2024 sumus.
591 1967 625 2023 Et
640 1968 719 2032 dabo,
734 1967 831 2037 inquit,
846 1966 925 2022 lloab
941 1967 969 2021 in
984 1966 1099 2021 itteredi·
1150 1968 1185 2024 Et
1196 1968 1382 2024 manifestius:
1406 1988 1415 2020 ι
1436 1969 1522 2024 bieite
1534 1970 1670 2039 qrronmdu
1683 1969 1815 2024 otrrrtritus
1834 1978 1877 2024 est
1892 1969 1942 2024 ba·

309 2068 408 2124 tatem,
422 2067 452 2114 ut
466 2059 601 2128 quomodo
617 2056 733 2111 liliorum
749 2055 862 2111 bmmon
878 2071 931 2111 non
945 2064 988 2111 est
998 2070 1100 2111 merno-
1152 2059 1230 2114 euius
1242 2059 1383 2131 gloriosus,
1396 2061 1472 2130 virga
1489 2060 1706 2131 magnificentiae.
1729 2081 1738 2113 ι
1759 2062 1794 2116 Ει
1816 2062 1914 2116 iterum
1932 2078 1941 2115 ι

308 2148 352 2204 ria
369 2148 441 2203 ultra
456 2150 483 2203 in
496 2149 634 2217 gentibus,
647 2148 686 2203 sie
700 2156 728 2203 et
742 2147 768 2201 in
783 2147 862 2201 iloab
873 2146 990 2202 ultiones
1003 2146 1098 2201 luciam
1114 2133 1137 2193 Β
1154 2167 1164 2200 ι
1178 2151 1466 2206 Contritumesteornu
1482 2152 1569 2206 lloab.
1585 2151 1667 2206 »llaec
1677 2161 1767 2206 antem
1777 2152 1904 2206 dicuutur
1913 2158 1944 2206 ut

309 2249 394 2312 atque
404 2238 514 2310 judicia,
528 2250 558 2294 ut
572 2248 735 2311 cognoscant
749 2239 819 2310 qnod
835 2255 884 2312 ego
895 2241 946 2295 sim
962 2240 1099 2306 Dominus,
1151 2242 1202 2296 sub
1215 2240 1324 2296 nomine
1334 2240 1422 2307 lloab,
1436 2242 1517 2295 stulta
1531 2243 1623 2297 saeculi
1635 2242 1661 2295 in
1676 2242 1774 2296 coelum
1787 2256 1816 2295 ιι
1830 2240 1944 2297 offerens

309 2329 467 2403 quidudum
483 2328 580 2384 tradidi
599 2343 648 2400 pro
666 2337 788 2398 peceato,
799 2339 827 2384 et
840 2330 866 2383 in
887 2329 956 2385 lilios
974 2330 1099 2394 Ammon,
1151 2333 1275 2401 superbia
1288 2342 1455 2388 conteratur.

310 2431 339 2478 et
364 2422 393 2476 in
414 2420 493 2476 lloab
515 2419 587 2476 ultor
607 2421 734 2476 existam.
753 2421 844 2491 Usque
855 2422 936 2477 bodie
951 2421 1028 2477 lluab
1053 2422 1100 2491 qui
1189 2444 1199 2478 ι
1217 2425 1279 2481 llaec
1291 2427 1356 2481 dicit
1369 2426 1498 2481 Dominus
1509 2425 1604 2481 bens:
1620 2424 1798 2496 Proeoquod
1809 2424 1872 2480 lecit
1883 2424 1944 2478 lda-

310 2514 505 2585 interpretatur
522 2529 555 2569 ex
570 2522 658 2584 patre,
678 2522 706 2569 et
723 2513 793 2578 Scir,
808 2514 854 2585 qui
871 2514 897 2569 in
912 2514 1027 2586 pilosum
1041 2530 1102 2569 rer·
1154 2535 1164 2568 ι
1183 2531 1248 2570 mtea
1261 2516 1399 2582 ultionem,
1415 2524 1484 2572 utse
1500 2517 1650 2571 vindicaret
1662 2516 1696 2571 de
1718 2515 1781 2571 liliis
1800 2515 1867 2571 duda
1881 2530 1945 2585 peo-

310 2607 380 2663 titur
406 2615 435 2662 et
457 2608 607 2672 hirsutum,
633 2607 746 2677 despicit
769 2612 797 2662 et
821 2608 971 2662 coutemnit
992 2607 1101 2662 domum
1154 2607 1307 2677 «cavitque
1336 2607 1504 2678 delinquens,
1524 2616 1551 2661 et
1579 2607 1728 2661 vindictam
1753 2606 1884 2675 expetivit
1910 2603 1945 2661 de

309 2695 392 2763 luda,
408 2697 434 2751 in
449 2712 502 2767 qua
522 2711 585 2751 reru
596 2694 731 2752 contessio
743 2705 794 2751 est.
808 2696 842 2750 bt
860 2704 938 2765 putat
950 2705 1005 2751 ιιιιι
1024 2695 1102 2753 1ιι11ι
1154 2718 1164 2749 ι
1183 2699 1231 2754 ιιι.
1249 2699 1352 2754 ideirco
1376 2699 1434 2754 baec
1451 2696 1518 2753 dicit
1539 2698 1669 2752 [lominus
1689 2698 1778 2752 brus:
1795 2696 1944 2750 Extendam

310 2803 372 2844 eam
396 2801 476 2858 poete
495 2785 626 2853 subrecti,
641 2801 720 2857 ortam
736 2795 895 2842 eetemrum
908 2788 1102 2843 subvertuntur
1155 2809 1164 2841 ι
1182 2804 1290 2844 manum
1306 2803 1393 2844 meam
1408 2804 1490 2858 super
1502 2789 1657 2852 idumaeam,
1676 2796 1704 2843 et
1716 2787 1838 2842 auleram
1858 2788 1892 2842 de
1911 2800 1945 2843 ea

310 2876 421 2933 urbium
435 2863 625 2931 munimenta.
657 2875 734 2932 Unde
765 2877 894 2933 Dominus
923 2880 1103 2936 comminatur
1156 2880 1324 2935 «bominem
1348 2879 1548 2950 etiumeatum.
1564 2879 1708 2934 Etlaciam
1733 2893 1793 2933 eam
1808 2877 1945 2932 desertam

308 2975 468 3038 apenninum
478 2982 517 3033 se,
530 2968 586 3023 sire
597 2968 788 3023 dissoluturum
801 2983 907 3024 omnem
919 2969 1102 3028 fortitudinem
1155 2989 1164 3021 ι
1186 2970 1220 3024 ab
1235 2976 1337 3025 austro.
1355 2969 1388 3023 Et
1401 2970 1446 3039 qai
1461 2978 1524 3024 sunt
1538 2969 1564 3023 in
1579 2967 1669 3024 bedan
1683 2966 1774 3038 gladio
1786 2965 1894 3021 eadent.
1910 2966 1945 3022 Et
1998 3035 2001 3049 y

310 3057 504 3123 Moabitarum,
522 3068 552 3113 ut
575 3059 699 3115 civitates
724 3060 824 3115 babere
844 3059 985 3126 desistant,
1001 3047 1030 3116 et
1056 3077 1103 3118 ne·
1156 3080 1165 3113 ι
1184 3062 1253 3117 rlabo
1264 3061 1394 3117 ultionem
1413 3076 1500 3116 meam
1523 3069 1605 3129 super
1618 3060 1761 3115 idumeam
1772 3073 1822 3129 per
1834 3072 1944 3113 mantua

308 3163 447 3220 quaquam
459 3147 485 3202 in
499 3147 638 3202 dialectica
649 3149 860 3214 arteooultdere,
873 3149 920 3204 sed
931 3150 1020 3206 cuncti
1030 3150 1102 3208 illius
1156 3171 1165 3203 ι
1184 3152 1275 3222 populi
1290 3153 1342 3208 mei
1368 3152 1461 3207 lsrael.
1477 3152 1511 3205 Et
1534 3147 1632 3204 inciam
1648 3151 1675 3204 in
1691 3150 1775 3205 Edom
1785 3147 1862 3217 juxta
1876 3148 1944 3202 iram

310 3237 421 3292 termini
431 3252 500 3306 quos
510 3253 559 3308 pro
570 3238 685 3293 illisione
695 3237 825 3294 ductuum
837 3249 1103 3314 vocantpromonto-
1156 3262 1165 3294 ι
1186 3258 1273 3298 meam
1290 3250 1318 3298 et
1335 3242 1455 3298 iurarem
1469 3257 1567 3304 meum,
1585 3251 1614 3297 ιι
1625 3243 1712 3297 scient
1734 3242 1945 3312 indignationem

309 3326 362 3394 ria,
378 3327 563 3383 destruantur.
579 3329 613 3383 Et
636 3329 742 3401 inclyte
761 3340 842 3401 atque
856 3330 950 3388 electae
962 3342 1042 3389 terrae
1052 3334 1103 3390 Βι-
1156 3354 1166 3388 ι
1187 3350 1286 3401 mcam,
1299 3335 1365 3390 dicit
1387 3335 1516 3390 Dominus
1543 3332 1625 3389 Deus.
1641 3353 1650 3384 r
1666 3333 1753 3404 Supra
1771 3333 1824 3388 duo
1847 3347 1945 3403 propo·

309 3417 490 3485 lblesimotb,
517 3433 578 3489 quaa
604 3419 796 3490 interpretatur
827 3421 923 3479 domus
949 3414 1102 3481 sobtudinis
1154 3436 1277 3492 puerunt,
1298 3441 1348 3495 pro
1367 3425 1489 3495 contrad
1511 3425 1638 3479 dixerunt
1660 3424 1738 3478 bloab
1760 3432 1788 3478 et
1809 3423 1872 3478 Scir
1892 3441 1899 3476 :
1918 3430 1946 3477 et

308 3515 393 3593 atque
412 3508 530 3574 deserta,
550 3518 578 3563 ιι
601 3508 828 3580 [decimamque
850 3513 956 3583 etipsa
986 3515 1102 3570 vertitur
1115 3476 1138 3540 c
1153 3523 1247 3585 postca
1261 3514 1295 3569 de
1314 3514 1376 3569 Scir
1387 3522 1488 3576 tacens,
1507 3523 1602 3568 contra
1625 3513 1703 3567 bloab
1718 3520 1823 3565 tantum
1840 3511 1946 3567 locutos

308 3600 415 3656 babens
440 3597 553 3665 iontem,
572 3600 629 3656 sire
650 3615 731 3671 super
750 3601 860 3669 iontem,
880 3613 908 3658 et
924 3604 1100 3672 cariathaim,
1152 3614 1203 3661 est.
1219 3604 1296 3660 Nrrne
1322 3605 1410 3659 reddit
1431 3612 1548 3673 eoeptum
1567 3602 1706 3674 problema
1730 3603 1795 3670 quaid
1809 3601 1880 3667 Seir,
1895 3601 1947 3656 boe

307 3705 392 3760 quam
415 3688 591 3761 Septuaginta
605 3691 742 3748 civitatem
765 3694 931 3749 maritimam
957 3696 1103 3750 traustole-
1152 3703 1193 3751 est
1206 3695 1335 3760 idumaea,
1357 3694 1461 3748 secent,
1487 3693 1563 3760 Qrtotl
1584 3692 1667 3758 Esau,
1685 3699 1713 3747 ct
1726 3691 1798 3757 Scir,
1810 3702 1837 3747 et
1849 3692 1945 3754 Edam,

308 3788 536 3850 mnt,pereaot,
551 3782 674 3852 qttamris
695 3783 767 3837 euim
792 3783 910 3839 babeant
931 3787 1027 3840 robora
1053 3802 1102 3856 pu·
1152 3784 1319 3847 etblnmaea,
1340 3792 1367 3837 ct
1392 3782 1487 3847 buma‚
1515 3797 1568 3837 una
1594 3797 1662 3852 gens
1689 3767 1873 3853 appellentur,
1892 3797 1945 3837 non

307 3880 467 3944 gnatorum,
482 3881 510 3928 et
532 3872 631 3944 inclyta
659 3882 773 3946 pergant
787 3876 821 3929 ad
845 3876 967 3946 praelium
981 3886 1040 3933 arte
1054 3894 1102 3947 pu-
1152 3876 1271 3946 ambiget
1298 3874 1344 3944 qui
1372 3873 1513 3928 scientiam
1536 3874 1662 3928 babuerit
1683 3871 1947 3942 scripturaruum&

307 3963 422 4036 gnandi,
435 3970 464 4018 et
475 3976 508 4017 ex
521 3962 594 4017 omni
605 3971 682 4032 parte
696 3964 867 4033 circumsepti
881 3966 975 4020 moniti
987 3982 1029 4035 rue
1039 3982 1102 4037 gra·
1152 3972 1183 4018 ut
1203 3964 1236 4019 de
1265 3963 1371 4018 eeteris
1392 3963 1530 4033 prophetis
1554 3970 1675 4024 taccam,
1694 3961 1777 4025 isaia,
1797 3960 1945 4025 ieremias,

308 4053 439 4120 diamur,
459 4062 549 4109 tamen
573 4053 673 4124 inclyta
687 4069 780 4109 eorum
798 4063 869 4110 terra
884 4071 937 4110 uon
952 4064 995 4111 ιιι
1006 4056 1102 4112 domus
1151 4054 1250 4118 unns,
1265 4052 1312 4122 qui
1336 4061 1428 4108 eontra
1451 4052 1605 4117 idumaeam,
1620 4061 1648 4106 ιι
1670 4051 1839 4114 buruam‚et
1860 4051 1946 4106 Edam

308 4142 496 4208 habitationis,
525 4143 573 4198 sed
604 4143 700 4199 ιιιιιιιιι
729 4144 891 4200 solitudinis.
918 4145 1047 4216 Quothoe
1073 4163 1102 4203 se
1152 4145 1291 4199 vaticinati
1316 4152 1395 4208 sunt;
1413 4142 1514 4198 abdias
1529 4143 1755 4213 propbetatotaru
1773 4142 1945 4211 prophetiam

307 4242 407 4306 putant
421 4235 520 4289 babere
534 4231 635 4289 iontem
647 4235 777 4301 scientiar,
789 4242 816 4290 et
831 4238 925 4292 urbem
937 4237 1102 4292 maritimam
1152 4245 1246 4291 contra
1259 4238 1328 4291 bane
1341 4236 1433 4306 dirigit
1447 4235 1594 4298 nationem,
1608 4247 1688 4303 qrtem
1697 4242 1726 4287 ut
1737 4232 1945 4303 putuinursolim

306 4341 370 4399 quae
391 4334 503 4380 cunctas
526 4325 661 4380 sustinere
689 4327 774 4395 possit
796 4327 889 4381 saeculi
913 4335 1100 4398 tempestates,
1153 4328 1340 4383 disseruimus.
1360 4327 1489 4397 Arguitur
1510 4327 1592 4397 igitur
1615 4325 1686 4390 Scir,
1713 4327 1758 4395 qui
1774 4326 1837 4394 «paria
1860 4325 1946 4395 bispi-

306 4415 470 4490 patientiam
492 4416 584 4471 sibiet
598 4415 994 4487 fortitudinempremittenles,
1011 4427 1100 4474 tamen
1153 4422 1203 4477 dus
1216 4426 1275 4475 etat
1297 4419 1374 4487 pilosi
1389 4433 1486 4473 nomen
1505 4418 1620 4487 accepit.
1638 4418 1672 4473 Et
1688 4416 1772 4471 Edurn
1799 4416 1945 4486 sanguina-

307 4507 375 4564 illuc
386 4517 567 4572 revertentur,
579 4509 668 4580 utipsi
684 4510 826 4564 tradantur
840 4510 903 4566 liliis
914 4510 1033 4567 Orientis
1045 4512 1101 4568 reri
1153 4516 1218 4579 rius,
1233 4514 1280 4584 qui
1293 4515 1328 4568 ob
1349 4512 1483 4568 lenticulae
1505 4511 1570 4566 rulm
1590 4511 1739 4566 coctionem
1765 4509 1946 4578 primogeniti

308 4599 336 4655 in
350 4599 461 4655 Cbristo
472 4599 592 4666 luminis,
603 4601 674 4656 sient
685 4602 775 4656 traditi
787 4609 850 4656 sunt
863 4602 909 4656 lilii
922 4601 1038 4657 Ammon
1054 4604 1100 4673 qui
1152 4606 1279 4679 perdidit,
1292 4614 1321 4661 et
1344 4606 1378 4660 ab
1391 4605 1480 4659 edulia
1497 4605 1609 4659 sortitus
1628 4601 1789 4656 vocabulum
1804 4609 1857 4654 est.
1874 4599 1943 4652 Esau

306 4689 360 4745 sibi
383 4689 411 4744 iu
438 4689 566 4746 baeretica
585 4692 756 4747 multitudiue
769 4692 949 4749 conlidebaut.
968 4694 1000 4748 Et
1014 4695 1102 4750 cousi·
1153 4711 1261 4768 qrroque
1277 4695 1347 4750 lacta
1362 4694 1584 4763 interpretantur.
1600 4692 1632 4744 Et
1645 4692 1697 4745 boe
1708 4690 1861 4752 sciendum,
1873 4688 1945 4757 quud

307 4779 438 4836 milui
450 4779 611 4849 bfflselfflmt
625 4789 706 4850 111118
720 4782 746 4835 iu
761 4782 817 4851 ipsa
830 4784 1038 4839 comminatione
1048 4785 1101 4839 cle·
1154 4789 1180 4844 in
1197 4788 1310 4842 liobrao
1327 4801 1466 4856 nunquam
1482 4784 1617 4838 scribatur
1638 4780 1764 4843 idumaea,
1776 4779 1823 4832 sed
1838 4793 1946 4847 semper

306 4868 441 4926 1111111311
464 4869 567 4935 Debui
592 4871 734 4927 1131111111
758 4888 818 4927 cum
846 4871 908 4929 filiis
922 4873 1036 4928 Ammon
1052 4875 1099 4928 11111
1153 4880 1261 4944 Etiam,
1283 4892 1363 4948 quem
1383 4878 1498 4931 lrbrmara
1523 4874 1655 4942 expressit
1672 4871 1766 4927 Graeca
1791 4872 1943 4927 translatio.

304 4957 431 5015 Orientis
443 4959 470 5014 iu
485 4960 680 5027 haereditatem,
692 4970 719 5017 et
734 4978 903 5033 nequaquam
917 4965 1030 5019 barresis
1046 4964 1099 5018 ulla
1153 4971 1327 5042 Nequaquam
1343 4983 1408 5038 ergo
1428 4967 1541 5021 ldumma
1557 4974 1587 5018 ut
1602 4964 1679 5018 bloab
1700 4962 1804 5019 locutus
1818 4972 1879 5027 est,
1893 4962 1942 5019 sed

306 5050 467 5103 nominetur
479 5052 506 5105 in
520 5052 657 5122 pentibus,
668 5054 714 5108 sed
731 5053 809 5110 laetis
822 5057 848 5109 in
862 5055 939 5111 lloab
949 5055 1061 5124 iudiciis
1072 5066 1101 5113 et
1152 5059 1217 5117 lecit
1238 5060 1365 5114 ultionem
1381 5056 1488 5113 delitiis
1502 5055 1580 5119 Jrrcla,
1606 5054 1791 5124 peccavitque,
1808 5055 1865 5110 sire
1887 5071 1946 5111 me-

305 5139 459 5196 ultionibus
469 5157 518 5212 pro
532 5145 687 5214 arrogantia
700 5160 789 5199 rerum
810 5146 1039 5217 dneeognoscaut
1051 5150 1101 5202 bo
1153 5152 1266 5207 moriam
1288 5149 1394 5220 pristini
1412 5147 1512 5204 doloris
1535 5148 1630 5210 temnit,
1645 5154 1674 5200 ut
1693 5146 1821 5201 ultionem
1845 5149 1877 5203 de
1901 5148 1941 5203 eis

304 5231 414 5286 utinum
432 5247 493 5288 esse
505 5232 550 5302 qui
572 5240 668 5289 cuneta
683 5236 827 5305 dispenset.
844 5235 885 5291 Ad
896 5236 1099 5306 approbandum
1153 5250 1301 5313 caperata
1318 5240 1415 5310 qrrilms
1437 5241 1463 5294 in
1487 5244 1564 5293 utero
1577 5239 1764 5308 supplantatus
1775 5249 1826 5303 ost,
1843 5241 1944 5295 idcirco

303 5330 402 5378 autern
414 5324 487 5392 quod
500 5323 577 5379 bloab
591 5322 617 5379 in
631 5327 755 5395 praesenti
767 5326 825 5382 loco
841 5343 922 5398 super
932 5327 1101 5397 pbilosopbo
1151 5347 1205 5386 nnn
1219 5346 1266 5399 per
1277 5329 1395 5400 angelos,
1405 5344 1492 5399 neque
1505 5343 1555 5397 per
1566 5328 1647 5383 alium
1660 5330 1816 5398 qrremlibet,
1828 5329 1875 5384 seri
1886 5331 1943 5398 ipse

304 5426 371 5470 rum
384 5413 549 5486 intelligatur
558 5417 694 5486 superbia,
711 5418 853 5487 dequibus
864 5418 972 5484 dieitur,
984 5418 1098 5474 Perdam
1152 5420 1281 5476 Dorulaus
1295 5435 1404 5473 manum
1419 5420 1566 5475 extendens
1578 5434 1659 5489 super
1673 5420 1823 5482 idumaeam,
1834 5420 1944 5476 abstulit

303 5507 473 5580 sapientiam
489 5507 661 5578 sapientium,
676 5517 704 5565 et
718 5509 921 5581 intelligentiam
947 5510 1105 5582 intelligam
1151 5510 1186 5565 de
1197 5526 1229 5565 ea
1243 5509 1380 5564 bominem
1391 5508 1590 5579 etjumentum,
1605 5519 1633 5565 et
1647 5510 1770 5565 oiritates
1785 5509 1856 5565 illius
1878 5509 1941 5564 red·

305 5600 379 5655 tium
395 5599 564 5670 reprobabo:
580 5615 665 5670 pauca
680 5601 712 5655 de
731 5601 869 5671 propbetis
881 5601 1002 5671 exempla
1018 5601 1100 5671 repli-
1151 5597 1392 5672 egitiudesertum,
1402 5599 1427 5653 id
1436 5607 1488 5664 est,
1496 5599 1629 5663 Theman,
1637 5592 1717 5670 quam
1726 5600 1809 5654 nosin
1820 5608 1941 5654 austrum

303 5690 399 5745 canda
413 5697 487 5745 sunt.
508 5689 592 5745 Amos
616 5689 752 5761 loquitur:
773 5709 782 5741 ι
803 5691 865 5745 ilaec
882 5691 946 5746 dicit
970 5692 1100 5747 bantinus
1154 5690 1294 5745 vertimus.
1311 5690 1348 5744 be
1363 5704 1415 5758 qua
1438 5689 1577 5745 etdeolia
1598 5691 1664 5747 urbe
1687 5691 1778 5745 Dedan
1808 5688 1943 5745 interiecti

304 5793 393 5852 super
419 5779 506 5836 tribus
520 5780 703 5850 itupietatibus
729 5780 814 5843 bloalr,
831 5789 859 5836 et
881 5797 964 5850 super
984 5792 1101 5852 qrtatoor
1154 5779 1244 5851 gladio
1266 5781 1371 5835 cadent.
1394 5781 1516 5850 Cumque
1537 5780 1575 5835 illi
1591 5783 1667 5838 sede
1689 5781 1758 5837 duda
1771 5780 1819 5834 ulti
1832 5779 1942 5846 iruerint,

304 5882 363 5930 uon
380 5870 527 5927 aversabor
542 5887 616 5938 eum,
627 5887 677 5944 pro
688 5887 721 5929 ea
741 5874 812 5943 qttod
831 5871 979 5928 combussit
989 5887 1049 5927 ossa
1061 5888 1103 5927 re·
1154 5887 1205 5941 ego
1219 5871 1289 5926 dabo
1303 5871 1432 5926 ultionem
1454 5886 1536 5941 super
1546 5871 1678 5927 idumaeos
1690 5886 1738 5941 per
1751 5885 1871 5935 manum,
1885 5869 1943 5925 sire

302 5963 351 6031 gis
374 5960 548 6031 ldrrmaraeffin
575 5963 682 6019 cineres
708 5961 816 6035 (Amos,
833 5964 880 6035 n).
903 5983 912 6014 ι
935 5964 1003 6019 l'ere
1029 5964 1101 6020 enirn
1155 5965 1182 6020 in
1200 5979 1280 6018 manu
1294 5963 1382 6034 populi
1406 5963 1458 6019 mei
1475 5962 1567 6029 lsrael,
1589 5971 1617 6018 ut
1633 5962 1666 6017 ab
1686 5962 1727 6017 bis
1741 5962 1940 6032 opprimantur,

303 6053 444 6124 quidquid
471 6051 499 6107 in
525 6055 623 6110 saeculo
653 6055 807 6126 dogmatum
835 6068 1021 6123 perversorum
1049 6064 1100 6122 est,
1157 6055 1183 6113 iu
1201 6070 1268 6125 quos
1292 6069 1439 6110 exercuere
1464 6054 1624 6120 vindictam
1643 6054 1689 6123 qtri
1705 6052 1802 6109 lacicnt
1817 6053 1843 6109 in
1859 6054 1948 6108 litium
