4500 6842
341 776 394 835 199
668 770 698 825 Β.
718 764 844 824 nuttam
865 762 975 819 linunt
991 758 1152 817 unctum).
1174 756 1491 816 decumbendo
1509 754 1600 812 PARS
1617 754 1649 810 ll.
1935 752 1990 810 2⁰0

339 894 448 947 ‹tiversa
462 897 536 951 suut,
551 888 611 941 ideo
625 888 652 941 iu
675 887 755 941 domo
773 883 862 938 Patris
881 880 972 935 turolte
989 888 1053 933 sunt
1065 882 1180 939 ulan-A
1228 876 1281 942 Qut
1294 878 1360 931 uidet
1375 893 1425 940 me,
1440 875 1508 930 uidet
1529 884 1554 928 et
1581 870 1699 925 Patrem.
1715 867 1767 934 Qut
1782 882 1826 922 nte
1850 866 1991 939 intelligit,

341 983 440 1034 aiones.
457 976 549 1030 Nullus
575 991 668 1029 corum
683 973 846 1028 alienabitur
870 971 905 1025 ab
929 970 972 1023 illa
987 969 1078 1032 dorric,
1095 965 1140 1021 obi
1193 969 1287 1037 ntique
1298 977 1326 1023 et
1335 968 1445 1023 Patrem
1464 967 1545 1020 inme
1561 963 1695 1032 intelligit.
1713 959 1766 1015 Sed
1788 960 1849 1015 ideo
1861 960 1994 1031 magister

344 1069 510 1122 mansionem
524 1082 571 1134 pru
585 1082 634 1119 suo
650 1066 765 1132 quisque
790 1072 951 1132 accepturus
968 1070 1010 1115 cst
1031 1060 1139 1113 rnerito.
1192 1058 1353 1127 discipulum
1373 1057 1515 1129 arguebat,
1540 1053 1668 1123 quoniam
1694 1067 1742 1107 cor
1769 1050 1931 1120 postulantis
1954 1052 1995 1105 ti-

341 1159 404 1213 ltlco
420 1174 472 1210 uon
490 1157 612 1210 turbetur·
628 1170 674 1208 eor
693 1162 824 1214 uestrum,
844 1168 907 1206 nam
929 1168 998 1205 unos
1013 1149 1141 1205 denarios
1192 1150 1282 1205 debat.
1297 1148 1437 1217 Tanquam
1452 1148 1524 1202 cuim
1548 1145 1644 1199 melior
1656 1151 1728 1198 esset
1749 1142 1830 1197 Pater
1849 1157 1932 1212 qnam
1947 1141 1992 1197 Fi·

341 1249 466 1302 ontuilms
480 1247 505 1298 iu
520 1249 597 1298 uinea
624 1244 821 1307 latboratttibuS‚
838 1244 864 1297 id
887 1250 940 1306 est,
963 1240 1088 1294 omnibus
1113 1239 1140 1291 iu
1191 1242 1253 1305 lius,
1267 1241 1304 1296 ita
1317 1227 1457 1309 Philippos
1470 1238 1579 1292 Patrem
1591 1251 1671 1291 nosce
1684 1235 1819 1304 cupiebat,
1832 1244 1860 1290 et
1870 1234 1931 1290 ideo
1944 1250 1992 1291 nec

342 1340 461 1393 Ecclesia
475 1353 522 1406 pcr
540 1338 618 1391 lidctn
631 1336 817 1390 laborantibus
836 1336 890 1388 uita
906 1335 1014 1388 dabitur
1027 1342 1138 1386 aetcrtta.
1192 1331 1288 1385 Filium
1302 1333 1472 1399 sciebatque
1486 1329 1582 1383 melius
1605 1326 1706 1396 aliquid
1722 1341 1782 1380 esse
1798 1324 1935 1379 credebat.
1950 1326 1992 1381 bd

344 1431 396 1483 Sed
421 1430 512 1482 namt-c
532 1428 687 1482 mansiones
711 1427 833 1481 diuersas
856 1426 1014 1478 interiturum
1034 1425 1061 1476 iu
1086 1438 1138 1475 uua
1192 1421 1265 1477 bunc
1281 1437 1391 1476 sensum
1405 1420 1598 1491 corrigendum
1612 1419 1716 1473 dictum
1730 1426 1791 1473 est:
1805 1415 1857 1482 Qut
1872 1416 1941 1471 uidet
1952 1433 1994 1471 me

341 1521 397 1574 uita
410 1530 510 1574 aeterna
534 1521 688 1589 signiticuut
710 1519 864 1587 dignitates,
887 1518 986 1587 eritque
1002 1516 1070 1569 bens
1084 1532 1141 1569 om·
1191 1514 1259 1568 uidet
1274 1524 1298 1567 et
1310 1512 1428 1566 Patrem.

342 1616 386 1665 trio
404 1612 430 1664 in
449 1611 580 1672 ontnibue,
601 1609 664 1679 quio
690 1608 760 1662 Deus
782 1609 898 1661 cltoritoe
922 1617 970 1660 est.
998 1606 1042 1660 Sic
1067 1607 1139 1661 euim
1227 1605 1364 1671 Quomodo
1382 1614 1411 1657 to
1425 1603 1512 1657 dicis:
1529 1600 1642 1657 Ostende
1657 1613 1732 1655 notite
1754 1597 1888 1655 Patrem?
1908 1601 1993 1656 video

343 1703 457 1771 quisque
483 1702 585 1766 babet,
614 1717 675 1756 court
700 1709 773 1753 annuat
799 1701 826 1753 iu
856 1700 954 1762 altero,
983 1698 1055 1766 quod
1083 1697 1141 1766 ipse
1190 1698 1366 1766 quomodote
1380 1695 1467 1749 dicis:
1489 1711 1542 1749 nou
1566 1691 1993 1761 alterumquaerisvidcresimi-

342 1811 395 1848 non
411 1796 501 1855 babet,
515 1793 577 1860 qaia
591 1800 681 1862 regitat
696 1792 722 1845 iu
740 1791 865 1845 ontnibus
879 1791 970 1844 unitas
982 1790 1135 1843 cltaritatis.
1191 1790 1253 1851 lem,
1271 1789 1404 1845 sedilium
1420 1799 1498 1856 putas
1511 1802 1572 1841 esse
1590 1784 1740 1841 meliorem.

379 1882 410 1938 Si
423 1900 472 1953 quo
485 1881 571 1934 atinus
582 1881 705 1935 dixissem
718 1881 800 1940 colis,
809 1881 871 1950 quio
887 1881 953 1933 uodo
965 1897 1059 1949 porore
1069 1880 1139 1933 cobis
1227 1879 1289 1933 Non
1302 1879 1386 1933 credie
1398 1880 1460 1949 quio
1476 1894 1522 1946 eqo
1543 1878 1570 1930 iu
1594 1876 1675 1930 Putre
1689 1888 1712 1929 et
1735 1872 1817 1929 Pater
1829 1876 1857 1928 iu
1871 1892 1911 1929 me
1925 1884 1963 1928 est
1981 1875 1995 1929 i

342 1971 439 2026 locam.
456 1970 596 2038 Qtroruodo
610 1970 644 2023 ad
658 1969 716 2024 illas
738 1970 892 2023 mansiones
906 1968 1026 2023 tuernbra
1049 1983 1142 2036 perve-
1191 1974 1246 2028 tlur
1259 1972 1454 2041 inseparabiles
1464 1971 1609 2040 separatim
1620 1968 1759 2023 desideras
1772 1967 1875 2022 nosce?
1890 1967 1994 2023 Deinde

342 2064 455 2127 nisseut,
482 2063 505 2117 si
529 2070 611 2129 caput
625 2076 678 2114 uon
703 2060 907 2129 praecessisset?
928 2058 1036 2113 Paravit
1062 2058 1140 2113 nobis
1191 2078 1244 2117 nou
1259 2063 1293 2116 ad
1313 2062 1400 2117 solum
1423 2061 1587 2131 Philippum,
1610 2061 1658 2115 sed
1681 2061 1716 2114 ad
1736 2073 1783 2114 eos
1797 2058 1938 2130 pluraliter
1949 2058 1993 2113 lo-

342 2153 431 2209 locum
446 2153 509 2206 dum
521 2166 570 2222 pro
582 2151 660 2204 nobis
674 2158 794 2203 mortuus
809 2158 860 2213 est,
876 2159 904 2202 et
914 2148 1072 2211 resurrexit,
1085 2148 1139 2201 into
1191 2153 1302 2222 quitur:

342 2244 466 2299 ascendit
481 2243 506 2296 in
523 2241 616 2297 coelos.
644 2241 707 2295 llaec
733 2241 823 2295 otnttia
843 2257 892 2310 pro
919 2239 996 2294 uobis
1020 2239 1093 2305 lecit,
1110 2224 1177 2294 otB
1231 2242 1316 2297 Verbo
1338 2258 1398 2313 quoe
1409 2258 1456 2312 epo
1475 2242 1567 2307 loquor
1581 2241 1652 2297 volis
1666 2259 1682 2295 o
1695 2258 1735 2296 me
1749 2242 1805 2311 ipso
1821 2257 1873 2295 non
1887 2239 1992 2311 loquor,

342 2334 421 2389 nobis
432 2340 539 2400 pararet
554 2330 642 2385 locum
654 2330 681 2383 iu
697 2344 780 2399 reguo
796 2329 884 2384 Patris
897 2329 948 2383 snt.
1191 2333 1273 2389 Peter
1284 2343 1370 2388 eutem
1381 2334 1409 2386 in
1421 2350 1461 2387 me
1471 2349 1589 2398 innuens,
1602 2333 1655 2403 ipse
1669 2331 1734 2401 [orit
1747 2348 1837 2403 opero.
1850 2331 1920 2398 Quid
1936 2342 1992 2390 est,

379 2423 409 2478 Si
423 2424 510 2478 obiero
530 2431 553 2475 et
569 2437 697 2491 paravero
713 2421 782 2474 uobis
807 2419 904 2484 locum,
929 2420 1023 2473 iterum
1036 2419 1140 2473 ueniam
1191 2440 1262 2478 ame
1279 2426 1334 2493 ipso
1349 2440 1401 2477 nou
1423 2422 1534 2493 loquor?
1553 2422 1637 2476 nisia
1660 2417 1785 2492 meipso
1805 2436 1859 2477 nou
1873 2437 1932 2476 sum
1944 2422 1994 2490 qui

344 2513 379 2567 od
394 2530 447 2567 nos.
465 2512 494 2567 Si
508 2513 601 2567 abiero
615 2525 663 2581 per
683 2511 774 2565 mritis
788 2510 949 2574 absonum,
968 2510 1074 2565 ventam
1091 2525 1141 2580 per
1192 2514 1299 2584 loqom.
1314 2514 1345 2568 Et
1358 2513 1457 2583 quippe
1469 2514 1562 2567 tribuit
1575 2512 1647 2581 quod
1663 2511 1740 2577 tacit,
1755 2512 1789 2566 de
1805 2525 1858 2580 quo
1870 2519 1913 2566 est
1933 2510 1996 2581 ipso

345 2604 497 2660 diuinitatis
510 2603 694 2673 praesentiam,
716 2602 744 2656 in
767 2617 819 2673 qua
835 2602 974 2657 uobiscum
994 2614 1041 2655 ero
1054 2616 1141 2671 usque
1192 2607 1239 2678 qui
1250 2606 1324 2661 lacit.
1339 2605 1422 2661 Pater
1434 2604 1506 2660 euim
1521 2604 1592 2657 Deus
1605 2616 1657 2656 nou
1672 2610 1715 2657 est
1736 2601 1770 2657 de
1788 2600 1890 2666 alioue,
1908 2600 1996 2657 Filius

344 2696 379 2750 ad
392 2694 652 2750 consummationem
667 2691 768 2748 saeculi.
792 2690 841 2748 Vel
857 2692 941 2747 ctiam
956 2691 978 2746 si
992 2691 1084 2746 antero
1097 2706 1141 2746 as-
1193 2708 1284 2753 aotmu
1297 2697 1368 2752 neus
1391 2704 1433 2750 est
1447 2694 1555 2763 quidem
1577 2692 1651 2760 Patri
1665 2691 1788 2761 aequalis,
1802 2691 1850 2747 scd
1864 2691 1897 2747 dc
1912 2692 1996 2747 Patre

343 2785 483 2841 cendendo
493 2783 528 2838 ad
539 2785 633 2850 coelos,
646 2784 752 2838 veniam
771 2784 868 2838 iterum
885 2781 1007 2852 iudicare
1019 2784 1095 2838 vivos
1108 2798 1141 2839 ac
1192 2791 1257 2846 [teo.
1270 2789 1334 2845 ideo
1348 2789 1392 2843 ille
1402 2787 1475 2843 Deus
1488 2787 1535 2842 sed
1551 2801 1605 2841 nou
1621 2786 1655 2840 de
1668 2786 1732 2849 beo,
1743 2784 1870 2839 etlumen
1880 2783 1926 2838 sed
1937 2799 1994 2839 uon

345 2884 486 2930 mortuos:
508 2874 581 2943 qood
595 2873 681 2944 auqeli
706 2873 825 2928 attestati
848 2883 911 2928 suut
925 2874 1064 2929 dicentes:
1089 2872 1142 2927 llic
1192 2882 1226 2937 (te
1246 2880 1357 2935 lumine.
1372 2879 1425 2933 istc
1436 2892 1502 2932 vero
1516 2876 1633 2933 Deuade
1646 2874 1711 2941 Deo,
1728 2873 1818 2929 lumen
1832 2872 1994 2929 delumine.

342 2964 420 3020 desto
441 2967 486 3036 qui
511 2977 660 3037 desumptus
680 2977 718 3021 eet
731 2985 747 3020 a
762 2966 844 3032 uobis,
860 2968 898 3021 aie
914 2968 995 3021 oettiet
1017 2968 1142 3038 quemod-
1193 2971 1314 3041 Denique
1324 2968 1448 3039 adjungit
1459 2976 1487 3022 ct
1502 2968 1558 3022 ait:

342 3056 450 3110 tuodom
462 3056 562 3111 uidistis
573 3073 632 3110 eum
646 3068 748 3111 euntem
762 3057 789 3110 in
801 3057 904 3111 celum.
922 3058 1052 3127 Sequitur
1066 3077 1072 3111 ε
1229 3062 1292 3116 Non
1305 3061 1409 3115 creatio
1421 3061 1483 3132 quio
1495 3076 1542 3128 eqo
1556 3061 1584 3113 in
1597 3056 1679 3113 Patre
1692 3068 1716 3113 et
1737 3056 1819 3111 Pater
1833 3059 1861 3112 itt
1874 3074 1915 3111 me
1927 3064 1967 3112 eet
1981 3056 1995 3112 .’

379 3141 414 3196 bt
429 3144 556 3215 occipiunt
569 3146 656 3199 ttoeud
669 3147 806 3215 nteipeum,
822 3159 850 3200 nt
867 3149 912 3202 ubi
925 3165 983 3202 eant
998 3166 1045 3221 eqo
1059 3161 1084 3205 et
1098 3168 1142 3207 uos
1192 3153 1297 3225 Alioqui
1311 3162 1417 3223 propter
1445 3168 1523 3221 opero
1546 3152 1603 3220 ipso
1630 3149 1737 3204 credite.
1756 3149 1827 3204 Ante
1839 3148 1994 3205 solusti·

343 3235 411 3290 aitis.
427 3234 484 3289 lloc
494 3236 616 3304 estquod
628 3236 654 3290 in
668 3239 844 3306 sequentibus
855 3240 940 3294 dixit:
958 3239 1034 3307 Volo,
1048 3241 1142 3311 Pater,
1193 3246 1282 3317 lippus
1299 3243 1483 3315 arguebatur3
1512 3249 1755 3297 nuucautemuoo
1778 3240 1890 3295 ibicum
1904 3238 1994 3295 solum

344 3334 373 3379 ¹⁴¹
388 3325 432 3378 ἰω
444 3341 503 3378 ⁸¹⁰¹*
514 3341 572 3396 ⁶9⁰2
589 3334 613 3378 ⁶¹
628 3326 673 3379 5³¹5
684 3328 734 3380 ‘t'td
747 3343 857 3382 mecum·
1193 3336 1277 3393 luisse
1291 3336 1423 3406 quiesset
1441 3334 1596 3405 arguendus
1608 3330 1777 3395 ostenditur;
1797 3338 1903 3400 propter
1912 3344 1994 3399 opero

382 3412 415 3468 lt't
428 3431 479 3484 qno
498 3431 544 3484 eqo
567 3415 642 3481 uodo,
663 3417 745 3481 scitis,
766 3430 789 3472 et
803 3419 870 3474 olom
883 3423 966 3476 scitia.
987 3423 1046 3490 Quo
1061 3426 1141 3491 tado,
1193 3431 1261 3500 ipso,
1275 3427 1373 3497 inquit,
1398 3426 1504 3490 credite,
1530 3424 1592 3494 quio
1611 3439 1658 3493 eqo
1680 3422 1707 3475 iu
1725 3418 1808 3474 Patre
1830 3428 1856 3473 et
1870 3415 1954 3473 Pater
1967 3419 1995 3472 itt

346 3506 438 3568 idest,
456 3508 489 3559 ad
502 3506 622 3572 Patrem,
633 3519 661 3563 et
672 3509 715 3562 uia
730 3526 783 3579 qua
799 3511 916 3579 verritur,
928 3515 1022 3569 scitur.
1194 3535 1235 3573 nte
1245 3529 1292 3572 est.
1317 3517 1409 3588 Neque
1423 3517 1495 3571 enim
1520 3516 1543 3569 si
1558 3514 1677 3584 separati
1692 3527 1814 3569 essemus
1827 3511 1997 3581 inseparabi-

383 3596 453 3650 llicit
465 3597 488 3651 ei
504 3596 637 3652 Titomoe:
658 3598 780 3664 bomine,
805 3601 934 3656 nescimus
955 3620 1006 3674 quo
1019 3605 1103 3670 nodie,
1118 3616 1142 3661 et
1195 3589 1257 3664 liter
1277 3608 1384 3677 operari
1409 3606 1463 3661 ulla
1490 3607 1594 3661 ratione
1612 3619 1766 3673 possemus,
1790 3603 1837 3658 sed
1861 3601 1927 3672 quid
1953 3608 1996 3657 est

344 3687 475 3755 quomodo
488 3704 628 3757 postumae
645 3690 715 3744 oium
732 3692 819 3746 scire?
830 3691 979 3749 Videbatur
998 3696 1022 3751 ei
1037 3697 1144 3753 nescire
1194 3702 1267 3773 qued
1278 3701 1417 3769 sequitur:
1434 3697 1517 3752 Amen
1535 3712 1611 3751 omen
1626 3697 1684 3749 dico
1709 3694 1790 3760 nobie,
1808 3696 1854 3765 qni
1867 3692 1952 3748 eredit
1966 3694 1995 3747 ιἰι

346 3776 420 3846 quod
433 3776 558 3833 Christus
573 3781 709 3837 convincit
727 3797 788 3836 eum
800 3783 869 3837 scire
882 3784 946 3838 dum
961 3785 1018 3840 ait:
1193 3807 1245 3857 me,
1259 3806 1338 3860 opero
1349 3770 1408 3858 quie
1421 3804 1468 3859 eqo
1484 3786 1554 3857 socio
1568 3795 1591 3840 et
1611 3787 1665 3856 ipae
1675 3784 1763 3853 societ,
1779 3791 1804 3838 et
1818 3783 1923 3854 mejero
1947 3783 1997 3836 lto-

383 3867 441 3940 Epo
452 3885 510 3923 enm
524 3871 578 3937 cio,
592 3882 616 3925 et
630 3874 734 3938 teritos,
746 3882 770 3927 et
785 3874 849 3929 citu.
865 3875 947 3944 Quasi
962 3878 1075 3935 dixisset
1090 3897 1097 3933 :
1113 3878 1143 3935 st
1194 3882 1354 3951 consociet,
1370 3881 1432 3952 quio
1446 3895 1493 3951 eqo
1508 3878 1542 3931 od
1558 3877 1665 3932 Patrem
1678 3876 1762 3931 vodo.
1786 3875 1846 3931 Non
1859 3890 1889 3930 se
1907 3873 1998 3930 extol·

347 3972 391 4013 me
403 3958 516 4014 scilieet
528 3961 598 4015 niam
614 3962 707 4028 scitis3
732 3973 760 4019 et
776 3981 827 4034 ego
839 3981 898 4020 sum
922 3968 957 4022 ad
974 3984 1055 4039 quem
1077 3972 1147 4037 itur,
1194 3975 1231 4028 lat
1241 3988 1336 4029 servus
1350 3987 1432 4042 super
1451 3970 1600 4033 dominum,
1616 3984 1666 4023 uec
1678 3968 1825 4037 discipulos
1838 3981 1921 4036 snper
1935 3980 1997 4021 ma·

347 4049 374 4104 id
385 4057 437 4114 est,
451 4052 560 4118 ueritas,
571 4062 599 4108 et
610 4069 660 4126 eqo
673 4071 733 4111 sum
751 4058 806 4111 uita
822 4059 849 4112 in
865 4075 917 4129 qua
931 4070 1030 4117 stator.
1055 4061 1085 4119 Si
1100 4080 1144 4122 me
1194 4068 1318 4138 gistrum.
1335 4065 1436 4135 llajora
1454 4078 1535 4132 quant
1563 4062 1620 4132 ipse
1645 4061 1711 4115 lacit
1724 4060 1792 4114 dixit
1806 4075 1854 4115 eos
1874 4075 1939 4115 esse
1955 4059 1997 4114 ia·

345 4140 423 4195 scitis
435 4149 462 4195 et
478 4142 548 4197 viam
571 4145 656 4209 scitis,
676 4153 705 4200 et
723 4161 778 4216 quo
792 4149 837 4203 ibo
849 4150 935 4232 scitis,
958 4161 987 4208 et
1004 4154 1050 4209 ubi
1064 4170 1143 4210 man·
1194 4166 1297 4222 cturos,
1312 4159 1359 4212 sed
1376 4158 1435 4212 sinc
1454 4156 1509 4220 illo,
1526 4162 1555 4209 ut
1583 4154 1610 4208 in
1636 4153 1811 4222 sequentibus
1833 4151 1914 4218 dixit,
1929 4153 1997 4223 quid

348 4230 439 4285 seritis
453 4232 538 4287 scitis.
555 4233 607 4300 dtu
622 4235 657 4290 ad
676 4235 785 4292 Patrem
795 4240 898 4296 vadunt
912 4258 961 4313 per
974 4260 1018 4300 me
1031 4245 1143 4311 uadunt,
1194 4258 1341 4321 potuerunt
1355 4248 1462 4303 lacere?
1475 4246 1527 4302 Sed
1543 4261 1603 4315 quae
1614 4254 1678 4301 suut
1688 4247 1795 4301 tandem
1806 4246 1857 4301 ista
1871 4245 1999 4315 majora?

349 4326 376 4373 et
390 4320 436 4388 qui
450 4321 485 4374 ad
507 4320 615 4376 Patrem
630 4325 744 4379 renium
767 4328 800 4381 ad
820 4344 863 4385 me
889 4332 1010 4398 veniunt,
1033 4334 1096 4403 quia
1116 4344 1145 4391 et
1194 4343 1236 4397 Au
1247 4340 1399 4409 sortequod
1411 4354 1498 4409 aeqros
1509 4338 1575 4407 ipsis
1587 4335 1789 4392 transeuntibus
1801 4337 1883 4391 etiam
1896 4350 1996 4392 eor-urm

349 4423 395 4477 ⁶9⁰
405 4405 519 4462 ⁶⁸P⁰¹ef
526 4415 783 4478 “'⁸“'²²⁸²⁴m¹⁴⁸2015¹¹
792 4431 836 4474 Νι
845 4425 1145 4492 manentqoiattaeeea
1194 4433 1290 4488 umbra
1303 4432 1432 4487 sanabit?
1442 4430 1526 4500 ttajus
1537 4435 1578 4484 est
1589 4429 1661 4482 enim
1677 4436 1706 4481 ut
1717 4436 1794 4483 sanet
1804 4428 1900 4483 umbra
1911 4443 1998 4499 ᾳιιιιιι

348 4496 522 4597 oitooeterno,
536 4507 565 4600 ot
585 4514 740 4570 copuoeeont
755 4506 876 4562 tesolum
898 4526 985 4565 oerum
1006 4513 1100 4582 Deum,
1120 4526 1145 4571 et
1195 4524 1311 4587 fimbria,
1329 4522 1393 4577 illud
1417 4535 1465 4591 per
1482 4535 1521 4585 sc,
1544 4520 1595 4575 ltoc
1610 4532 1657 4589 per
1672 4518 1753 4587 ipsos,
1780 4519 1828 4573 sed
1848 4525 1999 4590 utromque

349 4603 425 4658 quem
448 4590 542 4644 mteieu
568 4590 659 4646 desunt
686 4593 828 4651 Christum.
868 4598 946 4657 Unde
972 4612 1081 4660 secutos
1102 4616 1146 4662 est
1195 4617 1224 4672 in
1235 4631 1283 4682 se3
1301 4615 1343 4670 vel
1353 4613 1455 4683 unajora
1466 4624 1529 4669 sont
1541 4629 1623 4684 opera
1634 4615 1816 4684 apostolorum
1829 4616 1858 4670 iu
1871 4619 1997 4672 omnium

350 4678 462 4735 ⁶¹⁰0¹¹⁸²
536 4772 542 4783 ⁸
782 4777 788 4789 Ι
1195 4708 1315 4780 gentium
1329 4706 1425 4772 salute,
1441 4721 1521 4775 quant
1533 4705 1635 4760 Christi
1655 4705 1841 4761 tautummodo
1855 4706 1884 4762 in
1908 4708 1999 4764 salute

365 4768 471 4871 ‘Nemo
485 4781 553 4873 venet
568 4772 602 4827 od
613 4769 721 4879 Patrem
736 4779 788 4832 nist
800 4794 847 4881 per
858 4796 908 4834 me.
924 4781 1068 4852 Exponeus
1079 4788 1144 4857 quid
1195 4798 1359 4866 intimorum,
1374 4809 1403 4856 et
1416 4799 1467 4854 boc
1479 4800 1506 4853 in
1524 4799 1706 4870 paucissimis.
1730 4799 1832 4855 Tamen
1847 4811 1999 4873 utrumque

349 4867 385 4916 ⁸¹⁸
397 4862 468 4964 (lumi
485 4869 536 4966 au,
546 4878 598 4968 ⁶9⁰·
607 4880 665 4919 mm
679 4882 732 4971 ”lib
749 4870 1016 4944 ⁸⁸²l¹¹¹¹⁸1¹bi¹¹¹¹80¹¹⁸
1029 4894 1035 4930 ²
1155 4916 1182 4975 D
1195 4901 1223 4948 et
1236 4891 1280 4946 ille
1295 4890 1367 4955 lecit,
1381 4898 1409 4946 et
1423 4890 1537 4947 salntem
1561 4891 1711 4961 aliquorum
1727 4890 1753 4945 in
1776 4888 1869 4947 Judaea
1892 4908 1943 4963 per
1956 4909 1996 4959 se,

368 4950 414 5053 ¹Sl
428 4966 611 5055 f⁰91²⁰l¹⁸⁸0¹¹⁸
621 4973 662 5011 me
674 4969 771 5030 ”liques
785 4971 810 5016 θ’
830 4961 938 5018 Psslrem
951 4982 1037 5022 mum
1047 4985 1144 5041 coeno·
1195 4991 1223 5037 et
1236 4982 1350 5037 salntem
1372 4981 1490 5051 gentium
1508 4996 1557 5050 por
1582 4979 1738 5049 apostolos:
1765 4979 1821 5035 Nec
1844 4983 1934 5042 solum
1948 5000 1999 5055 per

350 5057 461 5107 ιιιιιειιε,
474 5057 539 5145 ιιιιιιΙ
550 5059 670 5114 eqosum
683 5051 823 5107 ueritasiu
838 5067 902 5109 vero
914 5054 1005 5113 Patre.
1023 5057 1056 5113 Ει
1070 5079 1145 5117 unco
1195 5071 1342 5141 apostolos,
1368 5070 1415 5125 sed
1435 5079 1462 5125 et
1488 5086 1537 5140 per
1560 5071 1628 5125 alios
1654 5086 1763 5140 quoque
1785 5072 1995 5142 pmdtcatores.

350 5130 384 5184 do
398 5145 552 5234 coqnoecttts
565 5151 634 5236 eum,
650 5148 674 5191 et
685 5140 784 5195 uidistis
796 5159 865 5198 eom.
882 5144 910 5200 st
932 5162 974 5202 me
987 5150 1146 5218 spiritaliter
1196 5162 1274 5218 Unde
1288 5161 1426 5233 subjunxit
1438 5169 1466 5215 ct
1480 5163 1536 5216 ait:
1560 5161 1613 5226 Qui
1632 5164 1714 5217 credit
1726 5163 1753 5215 iu
1774 5178 1816 5217 me
1840 5180 1923 5234 opere
1937 5182 1997 5235 qne

351 5232 515 5324 coquoscttts
537 5232 564 5278 et
586 5226 694 5293 videtis,
719 5229 794 5285 illum
806 5236 968 5304 cognoscitis
993 5247 1021 5293 et
1037 5241 1145 5308 uidetis,
1196 5268 1242 5320 eqo
1257 5250 1326 5320 stacio
1346 5260 1369 5304 et
1391 5250 1446 5321 ipre
1459 5249 1687 5320 facieqetmojoro
1708 5250 1802 5303 trorum
1825 5252 1916 5322 [adet.
1937 5254 1996 5311 Non

352 5328 414 5382 qma
429 5330 475 5414 eqo
498 5326 522 5369 et
536 5314 618 5371 Peter
639 5336 720 5375 uttam
737 5338 839 5380 eumue.
865 5327 955 5384 Unum
979 5340 1075 5387 natura
1090 5351 1144 5391 non
1197 5356 1251 5411 quo
1264 5339 1350 5410 maior
1366 5342 1401 5397 stt
1425 5343 1554 5413 magistro
1576 5341 1733 5410 discipulos,
1748 5341 1791 5396 rel
1810 5342 1924 5399 domino
1936 5361 1995 5401 ser--

353 5416 421 5455 unus
438 5419 464 5456 tn
477 5418 602 5473 persona.
1198 5446 1259 5491 uus,
1279 5438 1306 5485 et
1320 5432 1462 5501 adoptatus
1477 5431 1624 5502 unigenito,
1645 5431 1766 5487 ethome
1780 5432 1845 5498 beo,
1859 5435 1908 5489 sed
1924 5434 1997 5505 quod

386 5490 456 5545 Dicit
468 5493 492 5547 ei
515 5493 652 5566 Pbitippae
673 5499 725 5556 hoc
749 5516 804 5557 non
829 5505 998 5578 intelligens:
1025 5511 1144 5580 bomine,

353 5582 459 5636 ostende
470 5583 543 5638 nolis
562 5582 679 5655 Patrem,
695 5602 718 5644 et
732 5592 825 5662 sufficit
845 5596 927 5651 nolis.
947 5598 1029 5665 Quasi
1043 5603 1145 5674 aliquid

352 5669 449 5725 melius
459 5681 531 5727 esset
541 5672 623 5731 Pater
635 5693 717 5748 quam
728 5678 812 5746 Filius
824 5684 851 5739 iu
864 5687 941 5757 cujus
957 5699 1029 5746 esset
1042 5693 1146 5749 visione

352 5760 488 5819 subiciens
502 5764 649 5822 beatitudo.
664 5768 749 5837 Quam
762 5787 857 5829 uocem
870 5777 994 5849 discipuli
1008 5783 1146 5855 redarguit

352 5853 492 5922 magister.
1121 5882 1122 5885 ’

390 5942 474 5998 Tanto
494 5955 608 6017 tempore
628 5951 760 6013 uobiscum
780 5971 851 6022 eom,
874 5966 900 6011 et
920 5975 972 6017 uon
993 5967 1148 6035 eoqnooietie

353 6030 418 6083 utel
433 6031 669 6117 Nouoognoristie
680 6056 724 6099 me
738 6057 799 6101 esse
811 6046 839 6102 iu
850 6047 942 6115 Patre,
954 6062 982 6107 et
996 6052 1105 6112 Patrem
1119 6057 1148 6112 in

355 6133 410 6185 me,
424 6122 567 6198 Philippei

1198 5536 1247 5590 pcr
1259 5521 1318 5576 illos
1330 5521 1387 5590 ipse
1400 5522 1557 5591 dignaretur
1567 5522 1662 5577 eadem
1680 5522 1783 5593 maiora
1800 5521 1901 5580 lacere.
1921 5525 1999 5582 Unde

1198 5608 1301 5679 majora
1316 5611 1467 5681 potuissent
1487 5628 1549 5667 mox
1570 5614 1689 5669 ostendit
1706 5615 1819 5671 dicens:
1846 5614 1902 5682 Qut
1915 5618 2001 5673 eredit

1198 5699 1226 5754 in
1241 5718 1281 5755 me
1294 5717 1371 5771 opero
1382 5718 1442 5771 que
1454 5719 1500 5773 epo
1522 5702 1591 5771 [ocio
1616 5714 1640 5758 et
1663 5704 1718 5775 ipse
1741 5704 1829 5774 societ,
1847 5716 1873 5760 et
1891 5707 1999 5777 mujm

1198 5789 1291 5844 lorum
1306 5791 1394 5859 saciet.
1406 5791 1541 5848 Continuo
1559 5805 1669 5851 secutus
1690 5796 1833 5866 adjunxit:
1854 5794 1928 5864 Quia
1949 5815 1998 5870 epo

1198 5880 1233 5934 od
1250 5878 1357 5936 Patrem
1371 5884 1447 5939 eodo.

1234 5970 1270 6025 Et
1294 5974 1466 6045 qaodcunque
1478 5977 1603 6046 petieritis
1627 5980 1654 6032 iu
1679 5981 1784 6034 nontiue
1804 5995 1873 6047 meo,
1887 5982 1940 6035 bot·
1952 5981 1969 6053 s
1983 6012 1995 6025 ·

1199 6062 1277 6116 cium.
1292 6063 1343 6131 Qui
1355 6064 1432 6131 dixit,
1458 6067 1546 6136 societ,
1569 6070 1692 6141 postait,
1720 6071 1828 6141 focium.
1853 6070 1997 6143 Tanquam

1200 6151 1322 6211 dioerctt
1338 6153 1396 6211 Nou
1412 6157 1490 6214 nobis
1512 6158 1564 6214 boc
1591 6159 1756 6231 impossibile
1778 6161 1925 6229 ridentum
1942 6177 1996 6219 uon
