4500 6842
310 705 358 757 ‘llil
768 694 946 753 coltbtuxt.
968 693 1000 748 tb'
1021 688 1246 746 teusetttbtssu.
1267 721 1278 729 -
1321 689 1383 743 tto.
1404 689 1473 744 Xl'l.

1889 691 1944 748 ddi

310 819 397 882 ciunt,
412 814 557 869 uirtutibus
575 818 744 873 excrescunt,
768 810 862 864 aeterni
884 808 983 878 judicis
1000 806 1101 859 arlucu-
1115 810 1138 866 A
1154 801 1376 864 immissionibus,
1399 818 1414 857 a
1430 818 1574 872 pratorum
1590 803 1772 865 suasionibus,
1787 802 1821 856 alt
1836 804 1943 862 lrasreti·

309 918 367 962 tum
384 915 508 977 quaerunt
521 913 546 959 et
562 903 634 957 iuter
644 918 674 955 ca
686 916 745 971 quae
761 908 867 962 amant,
881 908 962 967 atque
977 897 1020 949 illa
1040 908 1100 963 quse

309 1002 438 1064 tolerant,
454 998 532 1069 quasi
545 998 669 1065 quasdam
684 990 887 1063 gazophylacia,
905 988 1012 1043 diritius
1022 986 1100 1056 spiri·

309 1103 353 1148 tns
368 1094 395 1147 in
415 1099 505 1145 merite
529 1095 646 1144 serrant.
666 1085 720 1139 dec
744 1085 1019 1141 intersaeramenta,
1039 1092 1099 1147 quae

308 1182 438 1251 diligunt,
461 1188 489 1233 et
508 1194 569 1249 qnae
591 1175 646 1245 jam
668 1176 803 1228 contraria
829 1181 937 1242 pereant
959 1170 1097 1232 deliciunt,

308 1278 370 1346 quia
385 1276 418 1330 ad
430 1271 577 1327 australem
592 1271 664 1325 riam
682 1268 766 1324 iacies
779 1268 930 1320 intendunt.
944 1263 1013 1332 Quid
1025 1264 1098 1320 enixu

308 1370 437 1439 patimur,
461 1363 531 1435 quod
547 1370 638 1433 patres
652 1360 736 1414 nostri
750 1375 800 1429 pro
819 1372 911 1411 amore.
931 1355 1036 1409 Domini
1053 1369 1098 1408 an·

308 1469 351 1513 tea
376 1473 428 1512 nnn
452 1454 630 1525 pertulerunt.
655 1450 807 1506 Notandum
828 1463 910 1511 vero,
931 1445 1002 1517 (quod
1026 1446 1098 1500 inter

306 1556 413 1617 portam
435 1546 519 1599 austri
535 1553 562 1597 et
584 1543 718 1613 aquilonis
735 1539 878 1595 orientalis
889 1556 950 1593 esse
967 1538 1098 1593 describi-

307 1647 352 1690 tur
368 1654 373 1688 :
391 1635 453 1705 quia
475 1634 603 1687 Dominus
622 1647 655 1686 ac
673 1629 826 1698 redemptor
844 1636 935 1682 noster
950 1627 983 1681 de
1004 1624 1097 1680 lausa

307 1736 388 1781 uatus
407 1735 460 1787 est,
476 1738 591 1793 moxque
606 1723 632 1776 in
648 1722 699 1777 lide
720 1735 769 1775 sua
790 1718 936 1773 Ecclesiam
959 1732 992 1770 ex
1008 1716 1096 1788 genti-

306 1817 359 1872 bus
373 1815 533 1872 construxit.
552 1812 634 1879 Quasi
656 1812 727 1866 enirn
749 1812 820 1864 inter
834 1807 1011 1864 meridianam
1033 1821 1097 1876 por·

307 1917 363 1963 tam
385 1916 412 1962 et
434 1906 567 1977 aquilonis
591 1903 735 1974 apparuit,
762 1902 825 1971 quia
844 1916 877 1954 ex
901 1900 945 1953 illa
962 1899 1046 1961 serait,
1069 1907 1098 1952 et

306 2001 387 2055 istam
408 1999 435 2053 in
448 2013 498 2053 suo
518 1995 628 2051 servitio
643 1994 785 2048 conuertit.
806 1990 882 2046 Unde
898 1997 926 2045 et
942 1990 1011 2043 bene
1028 1988 1096 2043 dicl-

1152 907 1244 945 coruru
1264 893 1402 946 erroribus
1423 893 1587 947 delerrdunti
1604 896 1644 947 bu
1668 911 1720 949 nou
1736 906 1829 951 custos
1851 898 1942 968 templi

1150 982 1249 1046 lucrat,
1271 985 1317 1053 qui
1329 983 1436 1038 labores
1456 1000 1510 1039 sure
1526 986 1660 1053 passionis
1675 1001 1839 1043 euunrerans
1851 988 1940 1044 dicit:

1153 1092 1162 1123 ι
1179 1073 1207 1127 lu
1221 1073 1312 1127 labore
1320 1083 1349 1128 et
1359 1090 1490 1139 aerumna,
1508 1076 1533 1128 iu
1551 1076 1648 1145 uigiliis
1663 1079 1764 1139 inultis,
1781 1079 1807 1132 iu
1822 1078 1944 1143 lameet

1150 1165 1206 1226 siti,
1225 1163 1368 1234 iujcjuniis
1378 1166 1480 1226 multis,
1494 1166 1520 1217 in
1532 1164 1633 1233 lrigore
1648 1176 1675 1220 et
1687 1168 1809 1222 nuditate
1823 1167 1867 1240 (lt
1878 1167 1942 1224 Cer.

1149 1254 1208 1324 ιι).
1227 1273 1236 1304 ι
1251 1255 1341 1324 dtqnc
1363 1256 1455 1309 statim
1475 1256 1566 1309 subdit
1580 1274 1586 1309 :
1602 1274 1611 1306 ι
1628 1255 1732 1312 trater
1748 1258 1804 1323 illa,
1817 1275 1878 1327 qnae
1891 1276 1942 1317 ex·

1149 1346 1285 1401 trinsecus
1298 1352 1371 1409 sord,
1393 1346 1519 1400 instantia
1534 1362 1592 1399 ntea
1603 1349 1773 1416 quotidiana,
1789 1349 1944 1405 sollicitudo

1149 1437 1268 1489 omnium
1295 1436 1470 1490 eeclesiarum
1498 1436 1588 1503 (ibid.
1605 1437 1651 1505 ι.»
1676 1436 1802 1502 Pensatc,
1833 1454 1942 1508 quaese.

1149 1534 1240 1580 custus
1271 1526 1363 1593 tenmli
1393 1534 1495 1593 quantu
1520 1525 1703 1579 sollicitudine
1730 1528 1823 1597 vigilet
1845 1546 1853 1581 t
1878 1544 1943 1585 eece

1148 1617 1220 1670 euim
1236 1617 1262 1670 in
1278 1618 1368 1687 seipso
1389 1616 1588 1671 inestimabilia
1612 1619 1728 1687 patitur,
1751 1630 1779 1673 et
1795 1622 1886 1675 cordis
1900 1622 1943 1676 sui

1148 1708 1357 1763 sollicitudinem
1377 1709 1437 1762 aliis
1458 1710 1621 1778 impartitur.
1637 1708 1729 1777 Cujus,
1745 1726 1820 1780 rogo,
1835 1712 1944 1766 uirtutis

1148 1806 1200 1862 cst,
1225 1799 1284 1868 plus
1296 1799 1330 1854 de
1342 1799 1460 1853 utilitate
1482 1800 1678 1869 proximorum,
1693 1815 1775 1869 quant
1791 1800 1825 1855 de
1839 1816 1888 1855 sua
1900 1800 1942 1855 al·

1149 1886 1268 1942 dictione
1281 1888 1421 1958 cogitare?
1435 1887 1502 1954 Quis
1523 1888 1574 1942 hoc
1594 1889 1674 1959 digne
1688 1889 1814 1954 astirrret,
1828 1890 1890 1959 quis
1903 1890 1944 1945 di·

1149 1995 1201 2048 gne
1214 1981 1328 2049 penset?
1350 1979 1478 2044 Laborat,
1498 1980 1581 2050 luget,
1603 1981 1698 2043 esurit,
1721 1982 1788 2042 sitit,
1804 1982 1887 2052 alget,
1899 1983 1941 2053 je·

281 2083 941 2162 ‘gufq120dpgrmeffl10m&remansuris-tam
963 2078 1097 2149 aquiloni.
1145 2070 1234 2135 junat,
1259 2070 1361 2141 vigilat,
1387 2082 1414 2125 et
1438 2081 1527 2125 tartreu
1551 2071 1686 2143 uigilando
1710 2074 1744 2127 de
1765 2074 1942 2129 eeclesiarum

306 2182 416 2253 mppr,
433 2199 439 2234 :
456 2180 518 2248 quja
534 2189 614 2232 „arus
634 2176 762 2230 omnam,
783 2187 945 2245 synagogais,
970 2170 1096 2233 (respub,
1112 2180 1135 2238 B
1149 2160 1270 2214 omniurn
1294 2161 1475 2216 sollieitudine
1499 2162 1610 2232 cogitat.
1635 2161 1704 2216 Eece
1731 2171 1774 2216 est
1797 2163 1944 2218 solertissi-

306 2281 334 2326 ct
348 2269 547 2324 uudtitudinent
562 2268 682 2338 gentium
696 2264 808 2333 colligit.
824 2261 977 2315 Notandum
990 2272 1097 2329 quoque

305 2371 358 2424 cst,
371 2361 440 2431 qnod
456 2375 518 2414 cnm
539 2360 573 2414 de
587 2356 785 2429 gazophylaciis
801 2355 947 2416 diceretur,
969 2361 997 2407 et
1014 2351 1098 2406 facies

306 2465 399 2505 corum
420 2449 453 2503 ad
472 2449 543 2502 riam
566 2446 711 2502 australem
735 2445 856 2499 additum
874 2451 926 2508 est,
948 2457 1030 2496 unam
1047 2459 1053 2494 ι
1069 2448 1098 2494 ut

306 2541 431 2595 videlicet
446 2549 539 2610 aperte
555 2540 715 2601 sentiamus,
731 2539 793 2608 quia
811 2552 863 2591 uon
882 2538 933 2591 aba
949 2544 991 2591 est
1004 2537 1046 2591 xia
1063 2536 1097 2590 ad

306 2632 445 2687 emh-stom
460 2632 575 2702 patriam
590 2632 679 2695 nobis,
695 2632 741 2699 qni
755 2646 788 2684 ex
800 2630 951 2699 gentilitate
962 2630 1095 2688 reniruns,

307 2735 389 2795 atque
411 2725 462 2780 alia
483 2724 536 2778 illis
550 2724 681 2794 patribus,
699 2724 743 2792 qui
760 2722 868 2776 iuerurd
882 2723 907 2776 in
922 2720 1013 2776 Judaea
1030 2721 1097 2776 :sed

307 2816 365 2869 lime
380 2816 474 2869 eadem
493 2829 545 2867 una
570 2814 663 2867 tiaest
681 2811 758 2866 nobis
780 2820 807 2865 et
827 2811 888 2876 ttbs,
908 2825 969 2878 quae
992 2825 1041 2863 nos
1063 2810 1097 2863 ad

306 2912 407 2959 aterna
429 2902 525 2975 gaudia
539 2904 672 2974 perducit,
687 2918 747 2972 quse
765 2901 843 2956 nobis
859 2914 908 2969 per
923 2900 1096 2971 Euangelinm

307 2995 392 3049 dicit:
406 3014 415 3045 ι
430 2994 485 3065 Ego
496 3011 554 3048 sum
565 2996 618 3059 ria,
630 2993 730 3049 ueritas
743 3000 770 3047 et
783 2993 838 3045 rita
852 2991 942 3062 (loon.
957 2990 1024 3061 ιιι).
1037 3011 1047 3043 ι
1064 2990 1098 3044 lit

307 3084 341 3137 de
352 3097 405 3152 quo
422 3081 565 3138 Psalmista
580 3084 618 3137 ait
629 3124 635 3136 .
648 3083 684 3139 Ut
693 3096 887 3152 cognoscamus
900 3082 1009 3135 interra
1026 3080 1096 3134 rlaox

307 3186 391 3239 traam,
408 3183 436 3228 et
451 3174 478 3228 in
497 3175 622 3229 omnibus
641 3174 765 3246 gentibus
779 3173 898 3228 salutare
913 3182 998 3227 tuum.
1020 3173 1097 3240 errsd

307 3266 379 3318 enim
395 3264 532 3318 lltnbraiee
543 3263 676 3328 cstlrsna,
687 3264 738 3318 hoe
748 3262 844 3317 Latine
857 3263 955 3316 dicitur
963 3260 1095 3317 Salvator.

307 3353 457 3408 salvatoris
472 3367 537 3423 ergo
556 3353 582 3405 iu
597 3362 670 3406 terra
686 3353 728 3406 ria
742 3353 925 3422 cognoscitur,
940 3352 1001 3421 quia
1017 3350 1097 3405 lesus

308 3445 380 3500 licus
393 3453 456 3499 ante
467 3444 563 3499 secula
577 3452 604 3499 et
616 3446 697 3499 homo
710 3444 797 3499 laetus
810 3445 836 3498 in
851 3445 904 3499 dne
924 3444 1095 3509 saeculorum,

1149 2266 1209 2305 mus
1223 2261 1314 2305 eustos
1334 2252 1424 2319 templi
1441 2253 1466 2306 in
1482 2252 1607 2322 exemplo
1624 2253 1789 2322 propositus.
1809 2252 1940 2318 luritetnr,

1148 2339 1194 2408 qui
1208 2340 1288 2394 salet.
1307 2341 1427 2396 Adversa
1449 2343 1550 2397 etenim
1573 2358 1623 2413 pro
1648 2343 1761 2397 uer’itate
1780 2345 1843 2413 pati,
1872 2346 1942 2400 bona

1148 2431 1280 2497 proximis
1300 2432 1466 2500 impendere,
1480 2433 1553 2487 eirca
1569 2434 1721 2487 animarum
1734 2434 1942 2490 sollicitudiuem

1149 2520 1281 2589 uigilare:
1294 2539 1327 2575 ιιι·
1341 2522 1401 2590 ipris
1412 2523 1438 2577 iu
1454 2524 1576 2593 perfidia,
1591 2540 1624 2578 ne
1639 2525 1701 2594 quis
1714 2526 1741 2579 iu
1755 2527 1893 2595 snperb'a,
1908 2542 1943 2583 ne

1148 2613 1210 2682 quis
1226 2614 1251 2667 iu
1265 2615 1370 2684 rapina,
1384 2615 1426 2669 rel
1447 2616 1616 2669 itunruuditia
1638 2616 1783 2681 laberetur,
1796 2619 1941 2687 exquirere

1149 2713 1231 2772 atque
1256 2719 1437 2774 compescere.
1462 2705 1519 2760 lloe
1543 2715 1594 2771 est,
1617 2706 1744 2776 ternplum
1769 2708 1827 2772 liei,
1844 2708 1870 2762 id
1888 2718 1942 2773 eut,

1148 2802 1270 2849 sanctam
1288 2794 1436 2850 Ecclesiam
1451 2798 1596 2851 cttstodire..

1183 2887 1253 2943 Sunt
1273 2897 1365 2943 antem
1391 2889 1503 2943 minoris
1523 2890 1627 2944 ordinis
1651 2891 1816 2955 sacerdotes,
1836 2890 1882 2962 qui
1904 2891 1941 2948 ad

1147 2979 1330 3033 ministerium
1341 2978 1437 3033 altaris
1447 2980 1581 3034 excubant
1596 2997 1603 3033 :
1619 2981 1665 3049 qui
1678 2981 1799 3035 uidelicet
1816 2982 1844 3035 in
1862 2982 1941 3051 adju·

1149 3070 1220 3125 torio
1240 3068 1371 3137 tnajorum
1391 3078 1502 3139 peccata
1518 3070 1731 3139 delinquentium
1750 3071 1885 3126 subtiliter
1901 3072 1942 3127 iu·

1149 3159 1293 3229 uestigant,
1317 3168 1345 3213 et
1365 3159 1448 3213 uitam
1469 3160 1619 3213 carnalium
1636 3160 1785 3230 corrigunt,
1809 3169 1892 3231 atque
1906 3161 1943 3215 ad

1148 3250 1201 3304 boc
1222 3264 1306 3317 usque
1326 3248 1492 3318 perducunt,
1512 3256 1543 3302 ut
1563 3264 1611 3317 per
1628 3248 1745 3303 lanrcnta
1763 3230 1940 3319 pestilentias,

1149 3341 1225 3408 quasi
1246 3340 1392 3396 ineeudant
1411 3356 1522 3396 caruem
1547 3341 1573 3395 in
1590 3342 1741 3407 sacrilicio,
1762 3358 1844 3411 quam
1865 3344 1941 3412 prius

1149 3434 1240 3489 viuere
1255 3433 1439 3502 permiserant
1462 3432 1490 3485 iu
1511 3441 1637 3502 peccato.
1658 3430 1718 3488 Nou
1743 3433 1817 3488 enim
1835 3433 1875 3498 hi,
1894 3435 1942 3503 qui

308 3536 434 3605 gentibus
446 3542 487 3587 est
500 3532 697 3588 manifestatus.
714 3533 770 3588 Una
783 3550 848 3603 ergo
864 3543 907 3588 est
920 3535 973 3597 ria,
988 3543 1017 3588 et
1031 3521 1249 3596 rrrrgcsaacus
1270 3526 1393 3580 ecclesiis
1417 3532 1553 3594 praesunt,
1582 3540 1630 3594 per
1659 3526 1821 3594 semetipsos
1844 3540 1942 3580 crrrrcaa

306 3626 351 3694 qni
369 3625 404 3678 ab
426 3633 519 3679 austro
535 3632 615 3687 snut,
631 3633 658 3678 et
675 3624 726 3687 bis,
745 3625 790 3692 qni
806 3624 840 3678 ab
862 3624 996 3693 aquilonis
1020 3632 1099 3693 parte
1148 3633 1229 3687 agere
1241 3616 1400 3684 prevalent,
1415 3616 1536 3670 sedeunt
1551 3615 1601 3683 ipsi
1615 3615 1705 3669 causis
1717 3614 1885 3683 spiritalibus
1897 3630 1944 3670 oe·

308 3715 457 3784 rcspiciuut
475 3732 482 3768 :
498 3716 561 3784 quia
582 3714 675 3769 electis
698 3714 797 3769 Judais
812 3723 840 3769 et
860 3714 986 3784 gentibus
1005 3715 1097 3769 Domi·
1149 3716 1294 3779 eupantur,
1320 3708 1343 3762 si
1368 3722 1421 3776 qua
1442 3713 1576 3776 prataet
1597 3705 1717 3759 carnalia
1740 3715 1942 3775 perpetrantur,

305 3819 359 3857 ntis
373 3819 405 3858 ac
421 3804 574 3875 redemptor
594 3815 685 3859 noster
706 3804 816 3875 expulsa
831 3819 911 3875 poena
936 3803 1097 3869 formidinis,
1149 3799 1206 3855 hacc
1221 3799 1281 3853 eliis
1296 3798 1463 3853 discutienda
1479 3806 1560 3865 atque
1577 3796 1739 3864 corrigenda
1757 3797 1941 3859 eontrnittunt,

306 3896 340 3948 ad
354 3894 461 3950 Patrem
480 3896 566 3951 lactus
583 3905 626 3951 est
641 3896 692 3951 iter
708 3897 819 3961 atnoris,
843 3906 924 3966 atque
936 3896 1098 3966 adjutorium
1148 3906 1198 3961 per
1210 3907 1278 3961 qnos
1298 3892 1363 3946 durn
1375 3891 1494 3946 carrrulis
1508 3892 1562 3945 ritu
1578 3892 1743 3962 corrigitur,
1758 3902 1786 3947 ct
1806 3909 1892 3963 usque
1907 3894 1941 3947 ad

306 3987 501 4055 perventionis.
517 3987 668 4057 Sequitur:
1150 3982 1320 4037 abstinentie
1337 3992 1419 4051 atque
1440 3982 1573 4037 orationis
1596 3983 1715 4038 studium
1739 3983 1944 4052 proficientibus

347 4077 401 4130 «Et
413 4077 482 4130 dixit
494 4078 528 4132 ad
543 4093 594 4132 me.
613 4078 668 4133 lloe
683 4087 724 4133 est
738 4079 960 4150 gazophylacium
974 4078 1045 4148 quod
1057 4093 1098 4132 re·
1149 4074 1315 4144 perreuitnr,
1336 4074 1414 4143 qnasi
1437 4073 1463 4126 in
1483 4073 1560 4127 altari
1579 4074 1636 4143 jam
1651 4089 1715 4129 caro
1732 4074 1896 4138 incenditur,
1911 4084 1942 4130 ut

309 4185 319 4217 ι
337 4166 417 4236 spicit
431 4167 502 4220 uiam
516 4168 693 4222 urerblianam
708 4169 888 4228 sacerdotnm,
905 4168 950 4237 qni
963 4167 1099 4221 excubant
1149 4165 1175 4218 ia
1191 4173 1338 4232 conspeetu
1362 4164 1555 4232 omnipotentis
1578 4164 1682 4217 bomini
1698 4164 1760 4218 iude
1778 4164 1943 4220 sacrificium

309 4272 320 4304 ι
336 4254 363 4307 in
375 4254 506 4309 custodiis
516 4256 641 4325 templi.»
658 4256 746 4325 Atque
759 4271 820 4310 mox
834 4257 975 4311 subditur:
994 4255 1099 4311 «Porro
1149 4256 1280 4319 redoleat,
1304 4255 1375 4309 unde
1395 4245 1471 4323 prius
1486 4254 1564 4325 culpa
1581 4254 1749 4323 displicebat.
1776 4254 1829 4310 Sed
1848 4256 1944 4310 bacin

309 4346 558 4417 «gazophylacium
581 4349 652 4418 quod
671 4349 781 4418 respicit
804 4350 837 4403 ad
860 4350 931 4402 riam
954 4349 1097 4418 aquilonis,
1150 4360 1180 4399 re
1196 4346 1311 4416 quaestio
1331 4347 1430 4409 oritur,
1455 4361 1517 4400 cnm
1542 4347 1668 4416 superius
1691 4347 1793 4402 dictum
1817 4346 1853 4402 sit
1871 4346 1944 4416 quod

309 4456 320 4489 ι
338 4439 508 4494 sacerdotnm
522 4440 584 4501 erit,
608 4441 653 4511 qui
670 4442 805 4496 excubant
818 4443 851 4495 ad
865 4441 1042 4495 ministerium
1057 4438 1097 4493 al·
1149 4437 1340 4507 gazophylacia
1353 4437 1387 4490 ad
1400 4437 1547 4491 australem
1560 4438 1631 4491 riam
1642 4436 1726 4493 lanies
1739 4438 1879 4505 baberent,
1890 4453 1944 4508 qua

310 4552 320 4584 ι
337 4531 411 4587 tacis.
430 4551 439 4584 ι
466 4531 496 4587 ln
523 4531 622 4603 quibus
645 4536 783 4604 prophebe
805 4534 895 4588 uerbis
918 4533 995 4602 prius
1021 4532 1099 4586 uobis
1149 4527 1338 4581 rationenunc
1352 4528 1462 4588 dieitur,
1478 4528 1541 4596 quia
1553 4527 1794 4597 gazophylacium,
1811 4529 1882 4597 quod
1901 4544 1945 4584 re·

307 4623 483 4692 quarendum
493 4631 537 4677 est
549 4624 596 4693 qui
609 4624 665 4679 siut
680 4624 790 4694 majoris
801 4623 905 4679 ordinis
919 4623 1075 4679 sacerdotes
1090 4636 1097 4677 :
1149 4618 1229 4687 spicil
1248 4619 1319 4672 ιίιιιῐι
1334 4618 1523 4683 meridianam>
1538 4620 1709 4674 ssoetdmssm
1727 4629 1781 4684 est,
1798 4621 1843 4687 ιιιιῑ
1858 4633 1943 4675 010¹!-

306 4720 398 4765 utruru
421 4712 459 4776 hi,
475 4712 520 4781 qui
540 4712 568 4766 in
586 4713 717 4768 custodiis
736 4712 874 4768 excubant
890 4710 994 4781 templi,
1016 4726 1050 4764 au
1071 4711 1098 4764 hi
1148 4710 1215 4765 bant
1229 4710 1256 4765 in
1272 4710 1402 4766 custodiis
1413 4712 1515 4780 templi,
1536 4720 1564 4765 et
1579 4710 1799 4781 gazophylacium
1811 4711 1883 4779 quod
1904 4725 1945 4765 rc·

307 4801 397 4869 quiin
419 4802 570 4858 ministerio
589 4802 693 4858 altaris.
709 4800 762 4858 Sed
780 4803 843 4872 qnia
858 4801 938 4872 penio
956 4807 1016 4870 post
1035 4799 1099 4854 sub-
1151 4801 1231 4871 spicit
1250 4802 1321 4856 tiam
1336 4801 1479 4871 aquilonis,
1498 4800 1679 4859 sacerdotum,
1701 4800 1747 4867 qui
1763 4800 1898 4856 excrrbaut
1910 4800 1944 4855 ed

308 4893 383 4947 ditur
398 4910 404 4946 ι
420 4892 510 4948 ditare
523 4903 580 4948 crat
599 4904 659 4947 ante
673 4893 766 4964 [aciem
786 4893 886 4963 templi,
902 4900 993 4963 aperte
1005 4899 1097 4945 osten·
1114 4858 1138 4917 D
1153 4891 1335 4946 ministerium
1368 4890 1485 4944 altaris?
1509 4889 1537 4943 Si
1561 4889 1634 4943 enim
1661 4898 1776 4958 utraque
1802 4889 1885 4944 iacies
1909 4890 1944 4945 ad

307 4982 383 5037 ditur
402 4984 534 5039 illosesse
560 4984 671 5055 maioris
687 4984 790 5039 ordinis
811 4983 983 5046 sacerdotes,
1005 4981 1051 5051 qui
1070 4981 1098 5033 in
1152 4980 1300 5036 australem
1322 4982 1394 5035 riam
1408 4981 1550 5045 tendebat,
1566 4982 1702 5050 quomodo
1719 4995 1791 5036 nrrne
1808 4997 1891 5035 rtnum
1909 4982 1943 5035 ad

306 5073 439 5128 custodiis
460 5076 551 5146 templi
574 5075 726 5139 excubant,
748 5074 810 5143 qrda
831 5063 955 5142 prolecto
974 5072 1001 5125 in
1019 5070 1097 5124 altari
1152 5073 1342 5134 meridianam,
1354 5070 1517 5139 atquealiud
1531 5071 1565 5124 ad
1577 5069 1794 5139 aquilonisriam
1807 5070 1945 5140 resplcere

307 5162 381 5231 qnod
393 5173 434 5217 est
454 5163 568 5218 interius
582 5163 749 5218 ministrant.
766 5160 798 5215 lli
820 5169 922 5225 antem,
945 5161 991 5229 qui
1010 5159 1043 5213 ad
1060 5158 1099 5213 al·
1153 5164 1271 5220 dicitnr-t
1289 5162 1342 5217 sed
1363 5164 1389 5216 ιιι
1412 5162 1455 5217 his
1475 5162 1566 5216 uerbis
1583 5161 1756 5231 agnoscimus
1773 5162 1846 5231 qnod
1862 5177 1945 5232 gaeo-

307 5259 378 5313 tare,
394 5252 465 5322 quod
487 5262 549 5308 ante
570 5253 666 5308 laeiem
681 5251 771 5321 templi
784 5257 836 5316 est,
857 5250 1005 5311 excubant,
1025 5256 1100 5302 ῑιιιῑθ
1154 5254 1307 5326 phylaeium
1336 5254 1507 5309 sacerdotum
1534 5253 1581 5323 qui
1602 5254 1737 5309 excubant
1761 5254 1789 5308 iu
1813 5253 1946 5310 custodiis

308 5339 452 5396 interiores
467 5350 537 5403 suut,
565 5351 667 5411 quanto
681 5341 708 5395 in
727 5339 909 5395 exterioribus
931 5339 1097 5393 ministrant.
1153 5344 1246 5414 templi
1270 5344 1307 5398 ita
1331 5344 1448 5414 positum
1472 5343 1577 5407 luerat,
1603 5352 1634 5398 ut
1658 5343 1743 5400 solam
1765 5344 1944 5401 meridianam

307 5429 489 5497 Quaerendum
502 5431 631 5502 ergojarn
647 5432 725 5486 nobis
741 5438 795 5495 est,
807 5430 854 5500 qui
865 5430 1020 5484 sacerdotes
1032 5429 1097 5493 siut,
1152 5434 1225 5488 riam
1253 5434 1410 5503 respiceret,
1435 5432 1656 5504 gazophylacium
1684 5449 1749 5489 xero
1771 5433 1943 5489 sacerdotnm

307 5521 356 5591 qai
371 5521 500 5593 templum
518 5524 684 5587 custodiunt,
703 5530 731 5578 et
746 5523 793 5592 qui
812 5521 846 5577 ad
866 5521 1047 5575 ministerium
1060 5520 1099 5575 ab
1153 5528 1197 5595 qui
1212 5522 1389 5579 excubautad
1403 5524 1583 5583 ministerium
1596 5524 1735 5579 altarisita
1750 5522 1847 5577 eratin
1860 5520 1943 5587 atrio,

308 5614 378 5666 teris
388 5612 523 5668 excubare
536 5614 722 5683 perhibentur.
748 5613 874 5683 llagister
890 5612 962 5667 enim
978 5612 1099 5680 gentium
1152 5624 1222 5673 utet
1241 5618 1276 5672 ad
1292 5615 1441 5671 australem
1450 5616 1523 5670 riam
1538 5625 1566 5671 ct
1585 5614 1720 5685 aquilonis
1735 5612 1832 5668 laeieru
1851 5611 1942 5667 inten-

307 5701 434 5762 fldelibns
463 5704 587 5760 scribens
613 5705 671 5759 ait:
699 5704 865 5774 «Templum
895 5703 942 5759 Dei
974 5712 1098 5758 salictum
1151 5711 1238 5773 deret,
1248 5709 1377 5782 quatinus
1388 5716 1487 5763 etcum
1498 5706 1691 5778 gazophylacio
1706 5704 1877 5760 sacerdotum
1894 5701 1943 5772 qni

308 5800 362 5854 est.
384 5796 456 5864 quod
467 5796 533 5851 estis
545 5811 592 5851 ros
607 5796 713 5867 llCor.
727 5797 788 5866 ιιι),
808 5817 817 5848 ι
834 5796 884 5863 Qui
899 5796 990 5865 itaque
1007 5810 1098 5850 sacer·
1150 5802 1286 5856 excubant
1306 5800 1332 5855 in
1354 5798 1486 5855 custodiis
1505 5797 1597 5867 templi
1613 5795 1791 5852 meridianam
1805 5793 1875 5847 dana
1899 5809 1944 5848 as·

308 5879 387 5937 doles
410 5884 484 5949 surii,
505 5900 551 5955 qli!
574 5887 701 5957 letnplttttt
726 5887 771 5941 Del
796 5886 969 5949 custodiunt,
998 5885 1050 5939 nisi
1072 5885 1100 5939 bi
1149 5891 1270 5961 picerel:
1285 5901 1313 5947 et
1333 5899 1423 5946 langen
1438 5890 1496 5946 sing
1508 5886 1700 5961 gazophylacio
1721 5884 1877 5942 eorumdem
1898 5897 1943 5938 gg.

307 5975 374 6045 qui,
387 5976 691 6046 ⁰t²¹¹tl⁰‚l)taedit3³nd0‚
717 5978 883 6048 spiritalibus
906 5977 1011 6031 delibus
1035 5978 1103 6048 rigi·
1150 5980 1290 6037 eerdotum
1307 5980 1528 6052 gazophylacium
1552 5976 1721 6032 sacerdotum
1741 5974 1788 6046 qui
1807 5973 1944 6029 exetdmnt

309 6069 407 6137 lando,
423 6080 543 6129 sancum
566 6072 742 6129 Ecclesiama
758 6073 937 6144 malignorum
958 6073 1102 6143 spirituum
1151 6072 1185 6128 ad
1200 6072 1381 6129 ministerium
1398 6072 1493 6127 altaris
1513 6068 1648 6141 aquilonis
1664 6068 1734 6124 riam
1748 6068 1865 6124 rideret.
1888 6060 1944 6119 ‘sut
