4500 6842
344 768 396 826 let
659 767 690 821 D.
712 766 837 820 unuani
856 764 966 822 bldlllll
985 764 1146 821 osculer.
1167 764 1321 823 accusa.
1343 767 1484 826 Ol’EllDll
1504 771 1594 829 PARS
1612 774 1646 829 ll.
1921 777 1974 836 aas

343 885 430 943 voluit
444 891 472 938 ut
486 882 589 952 liguum
610 897 704 950 mque
720 888 831 951 peccata
847 879 953 935 tolleret
965 880 1086 951 pendeus
1104 880 1132 934 in
1147 882 1172 942 Α
1185 879 1306 949 requirit,
1322 880 1451 937 interiora
1461 884 1550 953 gregis
1564 886 1662 940 damna
1677 887 1844 958 negligenter
1855 892 1971 960 patitur.

344 976 468 1034 humeris
481 975 604 1029 baberet.
629 972 670 1027 dd
683 984 812 1039 pastorem
827 987 909 1042 ergo,
925 971 1021 1041 iuquit,
1036 981 1059 1025 et
1073 971 1135 1025 nisi·
1220 969 1399 1026 Herrenarias
1414 984 1501 1026 autern
1517 974 1600 1043 sapit,
1615 976 1678 1045 quia
1691 980 1868 1035 mercenarius
1880 991 1935 1046 est,
1947 992 1974 1037 et

344 1076 456 1126 talarem
481 1067 628 1120 animarum
651 1075 805 1118 uestrarum.
834 1064 975 1119 Pastorem
998 1063 1133 1127 uidelicet,
1184 1077 1236 1116 aan
1253 1065 1362 1131 pertinet
1379 1065 1414 1118 ad
1428 1081 1487 1119 eam
1504 1067 1536 1121 de
1551 1067 1650 1123 onibus.
1666 1068 1730 1124 Sola
1748 1084 1814 1140 ergo
1833 1086 1915 1127 eausa
1930 1085 1974 1130 est

344 1160 408 1231 quia
422 1173 523 1229 pascua
552 1156 629 1212 nobis
653 1156 716 1211 sitm
740 1158 823 1212 donat
849 1165 968 1220 aeternae,
983 1172 1083 1227 pascua
1106 1157 1135 1211 iu
1183 1160 1214 1207 ut
1227 1156 1413 1210 mercenarius
1429 1156 1528 1226 iugiat,
1547 1158 1609 1225 quia
1624 1161 1807 1216 mercenarius
1821 1170 1873 1216 est.
1895 1162 1935 1218 Ac
1949 1165 1972 1218 si

342 1249 470 1321 presenti
485 1246 673 1318 temporalium
698 1254 809 1316 prestat
826 1246 986 1317 gratiarum.
1005 1247 1134 1303 tlisitam·
1183 1252 1276 1312 aperte
1298 1244 1456 1301 diceretur:
1473 1246 1552 1302 Stare
1566 1249 1592 1303 iu
1613 1250 1732 1319 pericula
1747 1252 1837 1307 orium
1854 1270 1908 1309 uon
1921 1269 1971 1323 po-

343 1356 402 1398 rem
423 1350 487 1394 vero
511 1340 662 1393 animarum
689 1346 851 1402 vestrarum,
868 1337 930 1407 quia
957 1337 1070 1404 uisitauit
1087 1354 1133 1392 nas
1183 1342 1246 1398 test,
1261 1336 1307 1404 qui
1319 1336 1347 1391 in
1361 1351 1394 1393 ca
1407 1337 1478 1407 quud
1492 1338 1587 1395 oribus
1600 1349 1711 1410 pressu
1725 1358 1780 1397 nou
1793 1358 1860 1399 cres
1872 1345 1973 1417 diligit,

232 1476 236 1482 .
341 1434 477 1489 arienses
500 1430 565 1495 alta,
580 1430 730 1484 illuminare
751 1430 791 1484 bis
811 1430 897 1499 quiin
923 1430 1035 1484 tenebris
1059 1438 1083 1483 et
1106 1430 1134 1484 in
1183 1426 1230 1481 scd
1249 1426 1353 1481 lucrum
1376 1435 1514 1484 terrenum
1535 1430 1641 1499 querit.
1663 1431 1732 1487 Dum
1751 1433 1824 1488 cuim
1841 1434 1973 1489 bonorem

343 1521 436 1578 amira
448 1521 539 1575 mortis
552 1520 652 1575 sedent.
668 1518 766 1575 visitat
780 1518 900 1588 quotidie
914 1518 998 1589 ipsam
1012 1517 1039 1573 iu
1056 1517 1135 1574 nobis
1182 1516 1364 1586 amplectitur,
1383 1517 1447 1574 dum
1469 1520 1662 1590 temporalibus
1683 1524 1833 1580 commodis
1854 1524 1972 1590 matur,

342 1633 426 1689 quum
441 1616 552 1671 donavit
568 1616 667 1680 lucem,
682 1629 717 1669 ue
738 1613 847 1669 deliciet
870 1610 1013 1675 morando,
1028 1610 1084 1667 imo
1103 1618 1134 1664 ut
1182 1622 1318 1677 opponere
1330 1623 1360 1664 se
1375 1616 1469 1664 contra
1482 1610 1631 1680 periculum
1643 1612 1771 1681 trepidat,
1786 1629 1821 1669 ue
1832 1615 1885 1670 bac
1900 1616 1974 1684 quod

339 1714 487 1764 etcrescat
501 1704 631 1774 intrando.
648 1703 763 1771 Quidam
778 1702 885 1759 codices
905 1702 992 1772 ipsum
1008 1698 1133 1755 Graecum
1183 1697 1270 1769 diligit
1288 1701 1404 1756 amittat.
1421 1700 1488 1756 ltcm
1513 1700 1591 1771 lupus
1614 1717 1694 1773 super
1719 1717 1785 1759 ores
1806 1707 1891 1771 uenit,
1909 1722 1972 1762 cum

341 1802 454 1867 babent,
468 1802 503 1855 nd
521 1809 651 1869 pastorem
663 1808 688 1853 et
703 1799 850 1867 episcopam
863 1795 1013 1850 animarum
1032 1802 1133 1849 uestra·
1183 1791 1298 1863 quilibet
1313 1791 1428 1861 injustus
1440 1804 1467 1848 et
1479 1804 1571 1863 raptur
1583 1794 1674 1850 lideles
1687 1809 1809 1865 quosque
1822 1807 1905 1867 atquc
1918 1798 1972 1853 bu-

341 1909 411 1947 rum.
424 1892 572 1962 Episcopus
581 1899 672 1945 autem
683 1889 778 1944 Latine
788 1886 1003 1960 superintendens
1018 1884 1131 1949 dicitur;
1182 1882 1261 1938 miles
1273 1884 1410 1953 opprimit.
1427 1882 1481 1939 Sed
1498 1885 1580 1954 isqui
1596 1892 1690 1955 pastor
1706 1900 1766 1942 esse
1778 1887 1930 1953 videbatur,
1945 1897 1974 1944 et

340 1984 404 2052 quia
420 1984 547 2038 nimirum
560 1982 631 2037 oculi
659 1981 766 2036 Domini
791 1994 872 2050 super
887 1978 976 2049 justas
1000 1984 1028 2031 ct
1051 1990 1132 2031 aures
1182 1990 1237 2030 nou
1248 1984 1318 2041 erat,
1335 1975 1461 2045 relinquit
1471 1985 1572 2032 oneret
1586 1975 1664 2048 iugit,
1678 1978 1742 2047 quia
1755 1978 1818 2034 dum
1829 1980 1879 2036 sibi
1891 1982 1926 2036 ab
1940 1997 1973 2036 eo

339 2076 398 2145 eius
411 2078 443 2130 ad
457 2090 552 2143 preces
570 2088 663 2129 eorum
678 2080 706 2127 et
725 2087 757 2127 ex
771 2071 897 2127 omuibus
912 2066 1133 2125 tribulationibus
1182 2065 1333 2134 periculum
1350 2067 1459 2131 aretuit,
1474 2067 1603 2123 resistere
1615 2068 1674 2139 ejus
1686 2068 1824 2139 injustitia
1837 2086 1891 2125 uon
1903 2085 1973 2140 puc-

338 2181 434 2221 eorum
451 2164 576 2219 liberavit
591 2178 648 2228 eos,
661 2163 704 2219 cui
716 2163 802 2235 gloria
826 2163 914 2218 bouur
931 2169 959 2216 et
970 2168 1090 2231 potestas
1104 2160 1132 2214 iu
1182 2157 1280 2221 suatim
1303 2156 1371 2227 iugit
1394 2166 1483 2213 autem
1504 2174 1556 2214 nan
1572 2161 1701 2216 mutando
1722 2161 1821 2225 lacurn,
1840 2164 1889 2218 sed
1908 2164 1973 2219 sub-

340 2253 440 2310 mula
460 2252 630 2309 seculorum.
1145 2246 1170 2308 B
1185 2245 1314 2301 trahendo
1331 2246 1476 2313 solatium,
1492 2246 1559 2318 iugit
1576 2249 1622 2318 qui
1637 2248 1801 2331 injustitiam
1810 2253 1877 2308 vidit
1890 2263 1918 2309 et
1931 2262 1974 2309 ta·

612 2342 752 2399 ll0lllblll
765 2341 860 2398 lllllll.
1184 2337 1256 2401 cuit;
1281 2338 1350 2411 sugit
1371 2340 1464 2408 quise
1483 2342 1533 2397 sub
1552 2341 1661 2398 silentio
1683 2345 1834 2401 abscondit.
1853 2344 1907 2402 Sed
1930 2356 1974 2403 est

602 2449 628 2487 m
661 2449 749 2488 saura
775 2448 869 2490 resno.
1055 2473 1059 2480 .
1177 2409 1252 2484 'allus
1264 2428 1343 2500 lupus
1354 2431 1400 2499 qui
1415 2432 1474 2486 sino
1488 2433 1639 2489 cessatione
1652 2436 1773 2505 quotidie
1786 2452 1839 2491 uun
1857 2452 1972 2508 corpora

397 2521 492 2578 Lectio
505 2523 591 2577 sancti
608 2522 742 2592 Evangelii
761 2523 907 2578 secundum
921 2522 1063 2578 ioannem.
1183 2521 1231 2577 scd
1245 2530 1350 2578 mcutes
1363 2522 1493 2586 dilaniat,
1509 2525 1643 2595 malignus
1652 2528 1778 2584 videlicet
1790 2529 1912 2598 spiritus,
1926 2533 1972 2602 qui

375 2615 407 2669 lu
420 2612 466 2666 illa
480 2622 593 2683 tempore
603 2612 669 2666 diris
679 2612 757 2666 iesus
770 2612 905 2681 discipulis
916 2614 971 2667 sais
983 2629 992 2666 :
1004 2612 1059 2682 Epo
1073 2630 1131 2666 sam
1183 2612 1275 2670 caulas
1288 2613 1407 2670 lidelium
1420 2615 1551 2673 insidians
1563 2617 1697 2674 circuitet
1706 2628 1808 2676 mortes
1820 2622 1973 2678 auimamm

337 2715 426 2776 pastor
445 2701 538 2758 banus.
561 2701 658 2756 Pastor
680 2700 767 2770 boans>
785 2702 904 2757 animam
918 2719 994 2757 snam
1014 2702 1060 2756 dat
1084 2719 1132 2772 pro
1182 2702 1288 2773 quaerit.
1307 2699 1364 2773 Epa
1384 2719 1443 2760 tam
1463 2714 1555 2771 pastor
1575 2703 1657 2761 banus
1670 2720 1680 2759 .·
1695 2707 1758 2777 quia
1776 2710 1901 2780 superius
1920 2711 1975 2766 lie·

337 2794 427 2850 ouibus
440 2794 506 2858 sais,
518 2800 572 2848 etc.
1183 2792 1308 2863 demptor
1321 2801 1413 2848 auster
1423 2793 1517 2864 culpas
1532 2794 1588 2849 llcti
1601 2796 1719 2866 pastoris
1735 2797 1861 2864 innotuit,
1875 2800 1972 2856 iterum

373 2885 440 2940 Dum
453 2883 1130 2955 Durniumbuuipastorisopusostendereraluit,
1182 2881 1296 2939 sormam
1311 2883 1354 2940 cui
1365 2884 1639 2955 debeamusimprimi
1651 2887 1770 2944 ostendit
1827 2879 1829 2884 ’
1905 2915 2010 2974 'tw-m

337 2975 455 3046 seipsum
471 2974 611 3045 proposuit
625 2974 653 3029 in
669 2973 897 3044 exempladicens
913 2991 920 3029 :
935 2973 1026 3028 Bonas
1041 2983 1132 3046 pastor
1217 2970 1274 3042 Epo
1294 2989 1353 3028 snm
1373 2984 1463 3043 pastor
1477 2974 1576 3040 banau,-
1592 2983 1673 3046 atque
1691 2959 1859 3050 subjungitu-
1892 2961 1903 3044 ¹,
1926 2995 1974 3035 ss·
2015 2959 2071 3010 ⁴⁸⁶

336 3069 453 3124 nnimarn
466 3084 541 3122 sarm
558 3067 630 3137 punit
649 3083 696 3135 pra
711 3067 801 3121 auidus
815 3068 881 3121 suis.
900 3066 977 3124 Fecit
989 3065 1060 3135 qnod
1073 3081 1131 3123 nitt-
1180 3080 1277 3134 gnasca
1288 3081 1370 3128 meas,
1390 3065 1442 3119 bue
1454 3073 1496 3119 est
1512 3064 1603 3136 diligo.
1620 3056 1655 3121 Et
1670 3075 1827 3137 mgnasmuu
1840 3047 2071 3138 afflari-fl

335 3158 404 3223 sunit,
420 3158 537 3213 ostendit
549 3158 619 3225 quod
638 3158 719 3226 jussit
732 3175 738 3209 ε
750 3158 867 3210 animam
887 3171 964 3210 suam
978 3155 1068 3226 posuit
1080 3170 1130 3225 pru
1181 3154 1261 3211 idest
1273 3153 1462 3225 obsequuntur
1473 3156 1626 3227 diligentes.

335 3250 432 3305 oribus
449 3250 514 3306 suis.
534 3248 648 3305 Ostensa
666 3256 709 3304 est
728 3247 807 3303 uobis
823 3248 1020 3317 deruntcmptu
1034 3247 1130 3303 mortis
1216 3242 1291 3300 Siout
1303 3262 1345 3300 me
1359 3248 1429 3301 stanit
1449 3244 1546 3312 Pater,
1569 3257 1594 3302 st
1616 3264 1664 3318 ega
1681 3264 1795 3319 renasca
1813 3246 1933 3316 Patrem,
1947 3261 1973 3306 et

334 3342 480 3411 uinquam
503 3355 660 3410 sequamur,
683 3339 805 3409 apposita
821 3336 908 3393 forma
926 3337 969 3393 cui
993 3337 1131 3407 imprima—
1180 3336 1296 3391 animam
1310 3352 1395 3391 meam
1408 3354 1476 3406 pana
1490 3354 1537 3407 pra
1550 3338 1640 3393 aniius
1653 3340 1726 3393 meis.
1738 3340 1777 3396 Ac
1789 3340 1812 3395 si
1826 3350 1920 3410 aperte
1933 3340 1976 3396 di·

336 3450 407 3487 mur.
422 3433 542 3488 Primum
560 3431 639 3487 nobis
652 3439 695 3486 est
707 3430 842 3486 exteriora
860 3437 952 3485 nostra
974 3428 1129 3484 misericor·
1180 3436 1225 3483 eat
1239 3446 1246 3483 z
1261 3426 1291 3482 lu
1305 3428 1356 3484 bac
1373 3437 1482 3485 coastat
1497 3430 1561 3499 quia
1575 3438 1604 3485 et
1616 3445 1752 3501 cognosco
1763 3431 1871 3487 Patrem
1886 3440 1915 3487 et
1927 3446 1976 3488 co·

336 3526 407 3581 iliter
429 3526 525 3580 cribris
548 3523 608 3590 ejus
630 3523 802 3592 impendere;
827 3530 995 3591 postremum
1014 3535 1080 3576 uera
1105 3519 1129 3574 si
1181 3532 1296 3588 gnascor
1312 3534 1327 3572 a
1342 3518 1438 3583 Patre,
1457 3519 1520 3589 quia
1535 3519 1653 3575 animam
1668 3534 1756 3575 meam
1768 3534 1840 3589 pona
1854 3519 1973 3590 procri-

335 3627 449 3670 neccsse
465 3614 517 3678 sit,
533 3612 614 3668 etiam
628 3619 740 3668 mortem
753 3619 874 3668 nostram
887 3626 938 3681 pro
951 3609 1054 3666 eisdem
1070 3609 1129 3665 ari·
1143 3599 1166 3661 C
1180 3610 1232 3666 bus
1244 3612 1322 3676 meis,
1338 3611 1364 3666 id
1378 3620 1421 3668 cst
1433 3627 1466 3667 ca
1476 3612 1610 3668 obesitate
1623 3627 1676 3683 qus
1687 3628 1739 3684 pra
1751 3612 1846 3669 ovibus
1858 3614 1974 3688 morior,

334 3703 388 3761 bus
402 3705 566 3760 ministrare.
581 3703 631 3772 Qui
643 3720 696 3759 uon
712 3704 757 3759 dat
771 3719 820 3774 pro
837 3703 934 3760 aribus
948 3702 1128 3759 substantiam
1180 3708 1309 3772 quantum
1332 3700 1439 3756 Patrem
1462 3701 1572 3771 diligam
1595 3703 1719 3758 ostenda.
1745 3701 1814 3770 Quia
1832 3719 1900 3758 vcro
1919 3720 1974 3761 nou

335 3815 426 3863 srmm,
449 3799 583 3869 utromodo
606 3798 719 3853 daturus
736 3806 779 3853 est
794 3797 912 3851 animam
926 3797 1024 3851 suomi
1040 3797 1130 3867 lispo-
1180 3790 1267 3850 solum
1281 3791 1412 3859 iudaeam,
1426 3795 1473 3849 scd
1489 3794 1571 3850 etiam
1586 3794 1763 3865 gentilitatem
1779 3796 1912 3851 redimere
1925 3810 1974 3851 re-

335 3890 440 3946 suiruus
461 3889 503 3945 rel
531 3889 617 3962 magis
650 3888 763 3944 Domino
789 3888 902 3943 ducente
925 3887 1129 3955 intelleximus,
1179 3883 1421 3956 nerat,adjuugit:

334 3979 396 4048 quis
423 3980 459 4034 sit
481 3986 589 4049 pastor,
609 3978 670 4049 quis
689 3978 801 4042 ostium,
833 3977 895 4047 quis
920 3977 1057 4043 ostiarius,
1082 3977 1129 4048 qui
1215 3974 1250 4029 Et
1268 3975 1335 4030 aiios
1350 3991 1408 4030 ones
1429 3976 1510 4030 baira
1526 3992 1586 4048 qne
1605 3994 1656 4032 nan
1670 3985 1731 4032 sant
1744 3993 1777 4033 ee
1794 3978 1935 4044 iterandi:
1949 3991 1975 4035 et

334 4069 417 4124 etiam
430 4077 458 4124 et
468 4084 542 4134 ores,
558 4083 608 4123 sec
623 4083 675 4123 non
690 4068 736 4137 qui
750 4068 805 4123 siut
817 4066 891 4123 iures
904 4074 932 4122 et
950 4066 1069 4124 latrones
1079 4081 1128 4122 co·
1179 4063 1240 4121 iilos
1255 4074 1353 4134 oportet
1367 4082 1408 4120 nte
1422 4067 1562 4132 adducere,
1574 4078 1597 4123 et
1615 4084 1702 4123 narem
1716 4085 1801 4124 msam
1812 4071 1932 4133 audient,
1949 4080 1976 4125 et

333 4162 489 4232 guarimum
510 4160 556 4216 sed
574 4160 653 4216 mado
671 4160 704 4215 de
722 4158 891 4214 mercenaria
908 4166 937 4214 et
959 4158 1022 4228 lupo
1040 4156 1130 4214 consi-
1178 4156 1310 4227 paenam
1321 4154 1386 4211 anile
1397 4166 1421 4210 et
1432 4166 1607 4228 anaspastor.
1619 4156 1840 4228 Redemptiouem
1851 4167 1975 4216 nostram

333 4250 470 4316 (ieramus,
486 4250 520 4305 dc
534 4250 632 4319 quibus
645 4249 702 4320 ipse
717 4248 848 4304 Dominus
861 4247 949 4305 dixit:
1179 4244 1226 4315 qui
1246 4258 1280 4299 er
1294 4243 1387 4314 gentili
1406 4243 1505 4314 pupulo
1521 4245 1656 4312 uenimus,
1674 4246 1804 4302 Dominus
1819 4260 1973 4318 aspexerat,

369 4341 548 4396 ilerrennrius
562 4350 660 4404 autern,
671 4338 750 4409 etqui
761 4356 813 4394 non
824 4347 972 4409 estpastor,
984 4339 1062 4410 cnjus
1076 4357 1128 4395 non
1179 4351 1241 4393 cram
1259 4352 1289 4392 se
1302 4336 1437 4392 adducere
1449 4344 1476 4392 et
1491 4337 1559 4392 alias
1572 4352 1637 4394 ones
1651 4339 1767 4394 dicebat.
1784 4338 1842 4396 lloc
1851 4341 1975 4410 quotidie

336 4442 396 4488 sam
411 4449 468 4486 ouen
482 4419 610 4500 proprie,
629 4430 697 4484 uidet
709 4429 798 4500 tapam
814 4432 967 4496 uenientem,
981 4439 1005 4486 et
1020 4431 1128 4485 dimittit
1179 4429 1250 4494 lieri,
1276 4428 1386 4494 iratres,
1403 4428 1534 4498 aspicitis,
1560 4430 1611 4485 boc
1631 4430 1812 4487 reconciliatis
1834 4432 1973 4502 gentibus,

334 4538 406 4584 oues,
421 4529 445 4574 et
461 4521 537 4590 [opit.
552 4518 610 4574 Nun
621 4528 727 4589 pastor,
743 4520 790 4574 sad
806 4521 990 4576 mercenarius
1003 4529 1128 4584 vocatur,
1180 4518 1281 4575 iactum
1296 4519 1571 4589 hodieridetisquasi
1586 4533 1619 4575 ex
1633 4520 1738 4576 duabus
1750 4521 1879 4593 gregibus
1888 4538 1973 4577 unum

332 4611 381 4683 qui
400 4627 452 4667 nou
472 4626 521 4680 pra
542 4626 633 4665 amore
652 4610 748 4666 intimo
765 4623 831 4665 oves
851 4610 1014 4673 Dominicas,
1027 4609 1075 4666 sed
1094 4610 1130 4666 ad
1179 4612 1249 4667 ovile
1264 4611 1342 4673 iecit,
1364 4611 1427 4682 quia
1447 4609 1589 4666 tuaaicum
1605 4619 1633 4666 et
1650 4611 1777 4682 gentilem
1796 4612 1925 4682 pupulum
1946 4613 1973 4668 in

335 4703 496 4773 temporales
511 4702 648 4756 mercedes
660 4699 755 4769 pascit.
768 4699 951 4754 blercenarius
963 4701 1062 4771 quiippe
1074 4708 1127 4766 est,
1180 4719 1228 4760 stra
1243 4702 1295 4759 iude
1308 4701 1456 4774 cornirrugit,
1472 4703 1556 4758 Paulo
1566 4710 1712 4759 attestante
1726 4704 1772 4774 qui
1787 4704 1827 4758 ait
1840 4722 1847 4757 :
1861 4704 1923 4775 ipss
1934 4715 1973 4760 est

332 4796 380 4866 qui
392 4796 479 4851 locum
491 4793 599 4864 quidem
608 4791 723 4863 pastoris
733 4798 817 4854 tenet,
828 4791 877 4846 sed
888 4790 961 4847 lucra
974 4791 1128 4846 animarum
1179 4811 1232 4867 pas
1252 4803 1342 4848 nostra
1361 4795 1406 4865 qni
1428 4794 1488 4864 serit
1508 4802 1620 4863 utroque
1636 4809 1728 4846 unam.
1749 4792 1818 4848 Dum
1841 4793 1914 4848 enim
1938 4793 1972 4849 ad

333 4901 388 4942 non
402 4887 515 4955 miserit,
534 4885 650 4939 terrenis
662 4882 812 4939 commodis
827 4882 923 4948 inhiat,
936 4882 1041 4939 bonore
1054 4898 1127 4954 prae·
1180 4896 1308 4941 aetemam
1329 4886 1413 4939 uitam
1426 4900 1460 4939 cr
1474 4894 1591 4953 utraque
1610 4882 1718 4937 natiuae
1731 4882 1870 4952 simplices
1883 4883 1971 4955 eligit,

333 4977 443 5036 lationis
465 4978 579 5047 gaudet,
601 4973 794 5045 temporalibus
817 4973 899 5029 lucris
920 4974 1055 5044 pascitur,
1076 4973 1127 5028 im·
1139 4953 1167 5013 Ῑ)
1179 4977 1213 5032 ad
1226 4976 1296 5032 erile
1308 4975 1447 5045 proprium
1460 4990 1525 5030 oves
1540 4974 1658 5029 deducit.
1677 4974 1761 5045 igitur
1775 4974 1889 5029 istarum
1905 4975 1973 5031 dria-

333 5084 417 5142 pensa
441 5068 491 5123 sibi
516 5070 551 5120 ab
576 5066 731 5121 bominibus
759 5066 910 5121 reverentia
936 5064 1052 5120 laetattsr.
1073 5063 1127 5120 lste
1180 5083 1239 5123 rum
1257 5076 1285 5123 et
1300 5067 1328 5121 iu
1342 5066 1437 5121 ovibus
1452 5074 1480 5122 et
1502 5066 1530 5120 iu
1546 5073 1655 5137 pastore
1674 5066 1706 5122 ut
1724 5065 1890 5123 conueniens
1906 5082 1972 5123 eon·

334 5168 398 5218 stant
416 5158 488 5214 enirn
508 5156 646 5211 mercedes
660 5156 832 5221 mercenarii,
851 5165 882 5211 ut
895 5171 987 5226 proea
999 5156 1057 5225 ipsc
1071 5171 1126 5226 qua
1179 5158 1271 5214 cardia
1293 5157 1436 5213 lectionum
1453 5157 1497 5211 ubi
1517 5157 1720 5212 &muneratur
1731 5157 1828 5225 capitis
1841 5163 1870 5211 et
1889 5172 1972 5212 mem·

334 5246 363 5304 in
381 5245 513 5317 reginarius
532 5244 645 5310 laborat,
662 5245 706 5300 bic
724 5245 796 5316 quod
809 5245 908 5316 quaerit
920 5245 1127 5302 inveniatctab
1179 5252 1290 5308 brorum
1315 5249 1456 5316 conmittis
1477 5263 1538 5317 quse
1558 5247 1589 5302 lit
1611 5248 1639 5301 iu
1663 5245 1773 5303 cbristo
1792 5254 1820 5302 et
1837 5246 1969 5313 Ecclesia,

334 5338 493 5397 hereditate
503 5337 591 5408 gregis
604 5337 631 5391 in
645 5346 782 5406 pasterum
797 5336 904 5392 alienus
918 5337 1030 5392 esistat.
1179 5341 1242 5412 quia
1260 5342 1317 5410 ipse
1336 5339 1468 5393 merliator
1486 5338 1532 5394 Dei
1547 5345 1575 5393 et
1589 5336 1729 5394 homiuum
1746 5335 1873 5392 Cbristus
1891 5334 1972 5393 iesus

371 5428 405 5483 lin
428 5428 505 5499 lapus
529 5427 596 5497 rupit
618 5437 642 5482 et
659 5428 781 5498 dispergit
802 5444 869 5483 aues.
891 5427 983 5498 Lupus
1008 5429 1080 5497 mpit
1099 5435 1128 5483 ct
1179 5432 1259 5489 simul
1277 5446 1338 5488 cum
1359 5430 1487 5486 membris
1502 5430 1570 5494 suis,
1590 5428 1643 5485 boc
1665 5436 1709 5484 est
1728 5427 1823 5484 electis
1841 5428 1971 5483 omuibus

317 5518 465 5589 'dispergit
488 5533 554 5574 ores
575 5533 638 5573 cum
661 5517 742 5572 alium
766 5518 800 5572 ad
823 5518 958 5573 luxuriam
979 5518 1123 5588 pertrabit,
1177 5526 1275 5595 gaudet
1301 5534 1329 5578 et
1351 5530 1455 5593 regnat,
1485 5534 1534 5591 per
1558 5518 1649 5574 omnia
1672 5516 1771 5574 secula
1795 5515 1969 5573 motorum.

336 5608 418 5664 alium
441 5608 469 5662 in
491 5610 634 5663 avaritiam
656 5609 791 5673 accendit,
814 5609 896 5663 alitum
919 5609 946 5663 iu
971 5608 1124 5678 superbiam
1177 5616 1273 5672 Amen.

334 5699 424 5769 erigit,
445 5697 528 5752 aliurn
551 5712 600 5767 per
619 5698 786 5754 iracundiam
803 5698 908 5761 dividit,
929 5698 1001 5753 bunc
1023 5698 1123 5752 invidia
1445 5723 1586 5781 nomm
1604 5721 1700 5779 mv·

335 5787 472 5851 stimulat,
496 5787 571 5842 illum
595 5788 622 5842 in
645 5786 750 5842 fallacia
774 5788 937 5856 supplantat.
959 5788 1041 5855 Quasi
1059 5803 1124 5857 crgo

335 5893 443 5949 summ
460 5877 538 5948 lupus
555 5877 677 5946 dissipat,
697 5892 759 5932 curu
779 5877 895 5933 bdelium
919 5877 1046 5947 pupulum
1067 5878 1125 5930 (pa.
1506 5848 1585 5889 rsrun
1601 5847 1638 5886 rr.

334 5965 414 6022 bolus
425 5981 474 6036 per
486 5967 650 6023 tentationes
664 5974 753 6023 necat.
770 5965 823 6022 Sed
841 5975 934 6022 etrum
949 5967 1006 6022 llaec
1020 5979 1124 6021 merce·
1301 5945 1394 6001 ¹⁴⁰0130
1408 5944 1535 6013 Ell⁸²⁰¹ae
1545 5944 1618 6001 beati
1632 5942 1706 6000 Ρθῑῐῑ
1716 5942 1844 6015 ΨΜ·

335 6059 430 6116 nauus
442 6060 517 6118 nullo
530 6061 590 6117 sele
602 6062 779 6125 accenditur,
796 6059 870 6115 nullo
882 6058 989 6116 ierrore
1003 6057 1127 6114 Dilectio-
1158 6111 1161 6116 ,
1213 6052 1379 6116 Clarissimi,
1394 6055 1503 6109 ndentes
1516 6054 1586 6125 qnod
1598 6051 1883 6124 noscamptliidiiss,
1903 6065 1974 6109 asro

336 6146 381 6206 nis
402 6150 547 6218 excitum,
568 6151 633 6222 quia
656 6151 720 6210 dum
743 6150 800 6208 sols
823 6149 960 6208 exteriora
983 6146 1126 6206 emmaus
1177 6157 1203 6204 et
1216 6145 1530 6218 arpenraredenpsirais
1545 6143 1578 6200 ds
1591 6159 1660 6200 rans
1675 6142 1976 6202 massmannum
