4500 6842
311 645 364 702 tte
628 643 660 698 Β.
682 640 808 699 nubunt
828 641 937 698 itatittt
957 641 1117 699 tuentur.
1141 641 1296 701 eluceat.
1317 643 1460 702 orendil
1479 644 1571 703 PARS
1590 646 1621 702 tt.
1906 649 1957 706 did

306 759 366 816 dies
378 769 520 832 paenarum
544 765 626 826 atque
647 752 782 818 vindicte,
808 753 842 808 de
859 767 911 823 qua
931 766 981 823 per
1006 766 1101 808 omnes
1116 761 1137 818 Λ
1154 754 1293 821 elnrnlant,
1321 764 1347 810 et
1367 757 1650 824 eircumaerlitlrentnr,
1677 769 1707 816 ct
1729 759 1755 815 in
1772 743 1957 833 'uoraginibus

306 849 453 923 propbetas
465 847 571 903 loeutus
584 851 626 900 cst
642 842 782 899 Dominus.
799 862 807 894 ι
822 841 857 897 Et
869 841 1043 914 egredientur
1056 842 1104 896 lra-
1157 853 1236 901 terrae
1248 844 1389 916 sepeliant,
1405 862 1440 902 ue
1450 847 1519 902 ultra
1529 847 1605 904 exire
1618 848 1736 917 ualeant,
1747 859 1777 905 et
1788 850 1899 923 aliquare
1910 868 1957 911 nra

305 940 438 996 bitatores
453 935 560 992 urbium
575 954 585 989 a
602 932 686 991 lsrael
711 932 881 990 credentium
895 932 985 1004 popnli
999 947 1006 985 a
1022 932 1104 987 urbes
1155 935 1251 993 irande
1264 936 1399 1008 decipere.
1412 936 1452 992 lbi
1466 952 1532 1009 ergo
1549 938 1716 1008 sepeliebant
1729 939 1827 1014 Goget
1848 958 1955 1002 ornnem

307 1038 397 1086 autern
408 1024 490 1085 lsrael
511 1023 687 1097 intelligimus
712 1022 850 1080 Ecclesiae
875 1029 956 1078 roelae
975 1019 1048 1076 fidel·
1070 1019 1106 1074 El
1155 1027 1356 1084 multitudinem
1372 1028 1441 1099 ejus,
1457 1044 1510 1100 qua
1524 1044 1632 1101 semper
1642 1031 1763 1088 baeretici
1776 1031 1955 1091 delectantem.

242 1176 251 1188 ,
305 1117 480 1184 succendent,
494 1125 523 1173 et
535 1113 696 1173 comburent
713 1130 800 1180 arma,
815 1115 959 1186 dequibus
972 1122 1000 1169 et
1013 1114 1040 1168 in
1051 1112 1105 1169 alio
1159 1118 1218 1173 ebt
1232 1119 1375 1174 uocabitur
1388 1139 1398 1173 ι
1412 1133 1510 1174 nomen
1524 1120 1695 1189 uallisillius,
1715 1121 1743 1177 in
1762 1137 1818 1193 qna
1839 1123 1900 1195 Gng
1918 1141 1957 1182 te

305 1208 365 1265 loco
377 1206 510 1279 scriptum
534 1212 622 1261 ester
650 1204 750 1261 drcum
773 1211 898 1261 conteret
912 1211 940 1260 et
953 1201 1106 1274 confringet
1155 1209 1247 1282 pultus
1257 1218 1310 1276 cst,
1326 1229 1336 1262 ι
1350 1209 1531 1266 multitudinis
1541 1225 1586 1282 ge,
1597 1211 1655 1267 sive
1664 1212 1832 1284 polyandrii,
1846 1214 1955 1282 benere,

305 1316 392 1368 arma,
405 1303 521 1355 etseuta
540 1295 681 1354 comburet
694 1296 750 1370 igni
771 1295 858 1370 (Pseb
872 1293 973 1361 mla
995 1293 1105 1366 ellim
1155 1302 1310 1373 sepulcrum
1332 1300 1455 1371 plurimae
1474 1300 1673 1356 multitudinis:
1687 1304 1868 1372 etqnomodu
1877 1319 1955 1375 supra
1984 1329 1986 1336 ·

305 1399 333 1449 et
344 1390 446 1455 battus,
455 1403 550 1446 areum
564 1399 592 1445 et
601 1388 722 1460 sagittas,
734 1386 847 1443 baculos
857 1383 887 1439 in
900 1395 997 1438 manus
1006 1383 1106 1456 quibus
1156 1392 1274 1449 diximus
1289 1407 1340 1462 per
1353 1400 1455 1463 septem
1471 1407 1556 1448 annos
1570 1393 1791 1450 adversariorum
1805 1410 1884 1451 arena
1898 1411 1955 1452 nec·

303 1495 461 1554 perversum
480 1478 580 1552 pascha
601 1475 794 1541 celebrabant:
811 1474 923 1531 lanceas
934 1474 993 1530 siue
1010 1480 1106 1529 contos
1155 1482 1246 1550 cende,
1257 1484 1296 1539 ιῑς
1308 1497 1357 1554 per
1365 1491 1469 1553 septem
1485 1498 1604 1550 menses,
1624 1477 1750 1540 sorengi„
1763 1486 1953 1543 pmgfflmm

304 1573 468 1645 monetata
482 1579 510 1630 et
523 1569 684 1628 insanabilia
699 1566 853 1624 inserebant
873 1565 987 1621 vulnera
1001 1563 1106 1620 doctri·
1157 1583 1228 1630 nem
1241 1572 1427 1630 mundabitur.
1453 1575 1577 1646 Aprimo
1595 1576 1668 1631 enim
1681 1592 1778 1634 mense
1789 1580 1901 1649 quando
1911 1595 1954 1652 pa·

305 1681 412 1733 tranum,
427 1663 590 1739 clypeosque
602 1675 683 1717 arcus
696 1668 725 1716 et
735 1660 861 1732 sagittas,
873 1657 906 1714 de
915 1657 1013 1729 (ivibus
1023 1669 1104 1726 duim
1156 1665 1221 1722 seue
1233 1666 1339 1722 bomini
1352 1665 1534 1733 celebramus,
1555 1674 1583 1722 et
1606 1668 1854 1725 exterminatorem
1874 1669 1953 1744 AEgy·

306 1757 408 1813 dictum
430 1763 484 1813 est.
505 1751 636 1826 Quodque
659 1751 823 1823 sequiturtr
844 1751 877 1806 Et
895 1750 1061 1806 succendent
1072 1761 1104 1803 ee
1155 1755 1194 1825 pti
1216 1756 1277 1827 ugni
1297 1756 1323 1811 in
1338 1756 1463 1826 postibus
1480 1756 1584 1812 nostris
1605 1773 1703 1814 cruore
1723 1760 1856 1825 vitamus,
1872 1776 1953 1832 eaque

305 1847 361 1919 igni
376 1855 480 1920 septem
495 1843 593 1913 annlo;
608 1862 618 1897 r
634 1844 666 1900 de
685 1843 778 1900 Exodo
792 1851 819 1899 et
833 1840 955 1898 Levitico
968 1853 1105 1910 exponen·
1156 1848 1190 1903 ad
1202 1848 1304 1903 earnem
1325 1848 1401 1914 antri,
1421 1847 1474 1904 hec
1488 1857 1537 1912 eet
1557 1865 1643 1920 unque
1656 1851 1692 1906 ed
1715 1853 1866 1924 septimum
1879 1868 1951 1910 area-

304 1938 368 1994 dum
380 1945 433 2005 est,
448 1936 476 1993 in
491 1935 591 2008 quibus
601 1933 662 2005 lege
675 1933 833 2006 praecipitur
858 1941 887 1987 ut
904 1932 1020 2003 septimo
1034 1943 1105 1984 nnnc
1156 1951 1225 2005 sem,
1240 1940 1349 2009 qnando
1373 1939 1548 1996 tabernaeque.
1567 1941 1686 2013 figimus,
1702 1950 1731 1998 et
1755 1945 1829 1999 rnre,
1843 1954 1951 2001 m

305 2029 484 2095 remissionis,
495 2027 606 2101 quando
618 2026 704 2084 seruis
714 2025 959 2083 llebmislibertns
972 2023 1103 2090 redditur,
1156 2025 1267 2085 lrnndes
1279 2028 1430 2099 palmarum
1445 2043 1553 2100 qrrnqne
1566 2032 1649 2086 ramis
1658 2033 1841 2104 protegimur,
1854 2043 1886 2090 ut
1896 2050 1950 2107 per·

305 2128 333 2176 et
345 2119 435 2177 debita
448 2128 546 2177 cuncta
563 2118 715 2186 solvuntur,
730 2125 758 2172 et
771 2116 805 2173 nd
824 2116 949 2173 dominos
970 2115 1041 2171 redit
1052 2129 1103 2169 an·
1118 2116 1142 2177 Β
1156 2121 1225 2178 secta
1240 2129 1334 2178 eontra
1348 2123 1441 2178 prostes
1454 2122 1566 2178 victorq.
1576 2121 1782 2181 demonstretur
1793 2126 1951 2184 respergat„

304 2212 380 2284 tique
391 2211 539 2284 possessio,
564 2217 593 2266 ct
609 2210 689 2280 quies
708 2217 788 2265 terrae
807 2208 946 2274 tribuitur,
962 2215 989 2263 et
1007 2222 1102 2264 omnes
1154 2228 1250 2270 ornnes
1262 2212 1430 2284 complemus
1443 2213 1470 2267 in
1494 2212 1610 2285 populis.
1636 2213 1692 2270 Nee
1716 2215 1807 2272 solnm
1822 2219 1949 2291 magian.

305 2301 396 2374 fruces
408 2302 571 2376 pauperibus
580 2303 774 2366 condonantur,
785 2316 839 2373 uuo
849 2301 951 2357 scilieet
961 2301 987 2355 in
1000 2310 1103 2374 septem
1154 2308 1201 2364 sert
1212 2315 1240 2362 et
1251 2306 1340 2361 ιιιιιιιῑι
1353 2304 1467 2376 populus
1480 2306 1532 2361 nne
1547 2306 1671 2362 certaturn
1689 2305 1784 2374 laete,
1798 2317 1831 2363 ιιι
1844 2309 1949 2380 sepeliar

304 2396 384 2451 urinis
405 2409 519 2451 enumero
545 2403 652 2451 sacrato
674 2402 756 2464 atque
770 2391 891 2463 perfeeto
911 2391 1103 2449 hoereticorum
1154 2397 1212 2468 cog
1225 2408 1253 2453 et
1264 2405 1363 2450 terrum
1377 2395 1492 2466 operiat,
1507 2403 1534 2450 et
1548 2410 1720 2466 nequaquam
1734 2411 1830 2453 aerem
1842 2397 1949 2454 liberem

296 2492 444 2544 armatum
456 2483 602 2555 dispereat,
622 2490 650 2537 et
663 2479 841 2538 ecclesiastici
862 2480 914 2536 uiri
929 2493 1103 2552 nequaquam
1154 2504 1252 2562 capere
1268 2490 1426 2561 peruritur:
1441 2489 1504 2546 pose
1525 2505 1619 2548 neoem
1634 2501 1726 2547 aunem
1741 2500 1768 2547 ιιι
1787 2493 1949 2549 inperpetuo.

305 2576 378 2649 ligna
396 2574 536 2633 succidant
550 2575 584 2630 de
607 2571 753 2644 canrpiset
776 2570 942 2644 regionibus,
967 2569 1104 2643 sylvisque
1154 2596 1217 2638 nem
1240 2581 1297 2636 stre
1318 2580 1471 2651 sepulcrum
1495 2579 1564 2652 Gog,
1589 2580 1724 2653 eligentur
1743 2582 1797 2637 riri
1827 2582 1949 2639 corbeia

302 2676 333 2723 et
343 2666 456 2724 saltibus
467 2664 600 2739 gentium,
610 2679 678 2737 quos
689 2661 775 2735 magis
786 2661 891 2719 saltare
900 2662 1011 2731 cupiunt
1021 2673 1103 2731 quarn
1155 2671 1216 2730 ,ιῑςι
1229 2673 1275 2743 quq
1295 2673 1349 2729 pop
1369 2673 1489 2728 neppam
1502 2672 1593 2738 grupen,
1607 2687 1642 2729 ,η
1655 2674 1721 2744 quid
1734 2674 1763 2730 p„
1786 2682 1862 2730 gem
1876 2675 1948 2731 pm

304 2761 418 2833 perdere
431 2779 438 2816 ε
452 2761 499 2818 sed
513 2761 547 2816 de
562 2759 762 2827 baereticorum,
775 2774 844 2830 qnos
864 2757 979 2815 vinerint
990 2757 1101 2830 clypeis,
1154 2769 1264 2818 maneat
1280 2760 1402 2817 sordium
1427 2761 1615 2834 pristinarum,
1641 2762 1755 2833 nequid
1768 2763 1946 2826 monleinum.

305 2854 401 2924 basiis,
413 2853 531 2928 sagittis,
545 2852 659 2920 baculis,
672 2851 852 2923 contisqueet
874 2849 984 2907 lancels.
998 2848 1105 2908 llalrom
1154 2851 1201 2923 qui
1220 2852 1336 2908 lustrent
1357 2859 1469 2918 temni,
1490 2859 1518 2907 et
1538 2852 1679 2923 requirant
1698 2861 1826 2909 mortum
1844 2861 1949 2924 etecpe

304 2947 415 3003 enimet
427 2946 477 3019 ipsi
489 2946 524 3002 od
537 2945 747 3018 impugnandam
769 2942 920 3001 Ecclesiam
935 2939 1036 2999 Christi
1049 2941 1103 2998 tela
1153 2942 1221 2999 liant
1232 2960 1240 2997 :
1251 2949 1282 2999 ut
1293 2942 1418 2999 videlicet
1440 2943 1587 3000 mundetur
1598 2952 1672 3000 terra
1686 2944 1825 3001 eeclesia.
1847 2946 1895 3001 Sin
1906 2960 1948 2999 au·

304 3038 423 3104 diuersa,
438 3054 498 3110 quae
512 3037 547 3094 ab
559 3036 672 3094 eruditis
685 3035 843 3094 bominibus
863 3033 926 3107 igne
939 3033 1026 3092 sancti
1041 3031 1104 3106 Spl-
1154 3041 1271 3104 temper
1284 3042 1390 3104 septem
1410 3047 1519 3090 menses
1537 3034 1647 3103 quando
1666 3034 1770 3091 debent
1782 3049 1847 3090 esee
1859 3047 1948 3091 curma

304 3131 375 3186 ritus
388 3128 575 3185 succendenda
595 3136 670 3194 sunt,
684 3141 810 3185 sermone
831 3125 957 3184 videlieet
974 3124 1103 3184 ecclcsia-
1153 3130 1278 3196 porceto,
1294 3123 1322 3179 hi
1332 3124 1379 3193 (tui
1394 3131 1494 3179 terram
1508 3132 1665 3196 bellunm,
1679 3133 1764 3196 illiue
1785 3124 1948 3182 tlrwmml

304 3222 385 3288 sticn,
406 3235 486 3292 quem
506 3220 552 3293 qui
576 3219 712 3287 babuerit,
731 3219 830 3292 poterit
854 3217 989 3275 diceretr
1008 3217 1104 3277 Nonne
1154 3214 1182 3271 iu
1194 3215 1287 3288 aliquo
1297 3229 1329 3271 ns
1338 3214 1466 3281 bominis,
1479 3215 1587 3271 bocest
1595 3215 1724 3271 duritiam
1746 3217 1949 3288 nnedeepn-

300 3326 354 3369 cor
370 3319 492 3367 nostrum
507 3317 568 3367 erat
580 3309 719 3367 ardensln
742 3309 785 3365 ria
809 3323 870 3365 cum
890 3308 1009 3382 aperiret
1024 3309 1104 3368 nobis
1153 3306 1257 3373 rltatis,
1272 3305 1330 3364 sire
1344 3305 1519 3362 morticinum
1542 3306 1606 3378 quid
1625 3307 1760 3363 doetrinae
1779 3309 1946 3379 primiceri

301 3402 383 3459 lesus
407 3399 583 3472 scriptumst
596 3419 606 3455 r
620 3397 676 3457 Nec
698 3413 843 3472 possumus
867 3399 975 3470 plenam
1001 3399 1103 3458 babere
1154 3396 1245 3455 derint
1259 3398 1432 3464 remansisse,
1458 3405 1560 3469 ponent
1583 3396 1662 3468 iuxta
1678 3397 1746 3455 illud
1770 3401 1833 3456 sire
1845 3399 1948 3457 adiice

302 3510 399 3567 pacem
421 3502 450 3551 et
475 3492 652 3551 habitationis
674 3491 876 3558 conddentiam,
898 3491 952 3547 nisi
977 3497 1102 3547 cunctam
1116 3492 1139 3557 c
1154 3492 1223 3547 bunt
1237 3488 1364 3546 titolumr
1379 3495 1410 3544 ut
1423 3497 1566 3561 postquam
1582 3490 1669 3545 notati
1682 3487 1790 3546 luerint
1804 3492 1852 3562 qni
1866 3492 1947 3563 balas

304 3584 523 3643 aduersariorum
555 3582 749 3656 mpettecttten
774 3581 979 3655 depredemur,
1006 3589 1037 3638 nt
1057 3596 1104 3655 pe-
1155 3582 1261 3640 eenrodl
1275 3590 1350 3648 sunt,
1373 3580 1494 3638 tuncrel
1514 3582 1697 3638 emundentur
1721 3582 1765 3639 rel
1788 3584 1946 3655 sepeliantur

306 3685 387 3733 rennt
400 3675 492 3734 omnin
502 3685 530 3732 et
544 3675 573 3732 in
592 3675 714 3732 cinerem
728 3682 948 3742 concrementur,
960 3683 988 3732 et
1001 3674 1105 3746 deprae·
1155 3688 1216 3730 cum
1229 3670 1339 3745 (loger
1352 3671 1379 3726 in
1404 3671 1483 3728 turba
1504 3669 1651 3741 sepulture
1673 3671 1749 3728 illies
1767 3675 1944 3730 retmdanter.

305 3770 469 3834 demureos,
483 3766 530 3838 qui
540 3780 591 3822 noa
602 3763 781 3821 lucrantante
792 3763 916 3835 praedati,
931 3771 958 3819 ct
968 3771 1104 3819 vastemus
1154 3761 1258 3818 Nomen
1271 3770 1361 3817 autem
1374 3761 1492 3817 civitatis
1503 3760 1550 3816 nbi
1561 3774 1702 3817 serrorum
1718 3762 1830 3819 bomini
1843 3764 1944 3820 detorta

304 3857 366 3915 illos
378 3858 424 3928 qui
439 3863 614 3914 vastaverunt
636 3854 713 3926 prius
725 3853 886 3912 Ecclesiam.
901 3873 910 3906 ι
928 3854 957 3910 ln
969 3854 1013 3910 die
1024 3853 1101 3920 illa,r
1154 3859 1208 3920 est,
1220 3860 1249 3908 ot
1263 3851 1355 3925 jacent
1372 3850 1534 3917 adversarii,
1554 3861 1581 3907 et
1591 3852 1681 3909 omnis
1703 3853 1879 3912 inimicorum
1894 3852 1944 3925 elea

305 3950 336 4006 iu
355 3948 430 4005 claro
451 3945 654 4021 predicationis
669 3944 781 4013 lumine,
798 3944 901 4009 «dabo,
922 3944 1021 4016 inquit,
1046 3943 1104 4016 Gog
1154 3945 1300 4002 multitudo
1312 3952 1447 4017 prostrata
1462 3952 1514 4011 est,
1535 3944 1686 4016 appellatur
1699 3945 1810 4002 Amnna
1829 3949 1885 4004 tire
1901 3945 1943 4002 i’o

304 4043 396 4100 locum
424 4042 592 4098 nominatum
628 4038 782 4111 sepulcrum
818 4038 846 4095 in
873 4037 966 4095 lsrael.
987 4058 997 4092 ι
1021 4036 1103 4095 Juxta
1154 4036 1300 4103 llandrion,
1323 4043 1352 4091 ut
1375 4034 1437 4092 dreis
1457 4033 1578 4092 omnium
1603 4035 1744 4092 restitutio
1757 4037 1885 4107 puritatis
1903 4035 1941 4091 rit

307 4133 481 4201 llebraicum,
495 4152 505 4186 ι
520 4131 618 4188 uallem
632 4130 768 4187 viatorum
785 4149 794 4182 r
811 4130 991 4187 adorientem
1009 4131 1102 4196 muris,
1154 4129 1276 4199 lienique
1297 4127 1439 4199 sequitur:
1457 4147 1467 4178 ι
1491 4127 1524 4182 Et
1537 4127 1708 4184 mundabunt
1723 4137 1861 4185 terram»
1875 4128 1941 4185 baed

309 4239 390 4297 aquae
408 4225 600 4294 obstupescere
615 4220 680 4278 facit
699 4228 903 4292 pretereuntes.
915 4240 924 4272 ι
946 4217 1029 4292 Cujus
1047 4234 1104 4275 ser-
1154 4221 1265 4277 dubium
1276 4219 1339 4291 quin
1352 4220 1380 4276 lri
1393 4220 1427 4275 de
1439 4219 1538 4291 quibus
1549 4234 1630 4292 supra
1644 4219 1780 4292 scriptum
1792 4231 1849 4279 est:
1859 4238 1870 4274 ι
1879 4235 1941 4294 qne·

305 4315 396 4375 uronis
418 4315 462 4370 bic
482 4327 580 4369 sensus
593 4320 653 4367 est:
670 4309 848 4382 Sepulcbmm
864 4309 922 4382 Gog
942 4324 996 4365 non
1010 4309 1063 4365 erit
1075 4309 1103 4365 in
1154 4327 1215 4368 rere
1234 4312 1373 4383 incipient,
1389 4320 1417 4368 et
1434 4311 1617 4368 circumibunt
1637 4323 1820 4387 peragrantes
1839 4323 1938 4372 terram

306 4403 456 4472 montibus,
469 4402 517 4460 scd
530 4402 559 4458 in
577 4400 713 4472 depressis
722 4399 837 4457 vallibus
850 4409 878 4456 et
891 4401 919 4456 in
938 4399 1104 4474 confragosis
1154 4403 1299 4476 (liumus)
1313 4402 1342 4459 ln
1364 4402 1522 4476 Apocalypsi
1543 4417 1651 4475 quoque
1671 4404 1788 4463 loannis
1801 4406 1888 4480 (Aper.
1899 4404 1939 4460 ul

306 4497 387 4564 loeis,
399 4511 460 4570 quae
485 4493 613 4552 debraico
637 4492 807 4566 appellantur
832 4491 881 4558 Ge,
909 4507 969 4565 quac
982 4491 1102 4549 lieretici
1153 4509 1215 4550 cum
1229 4493 1265 4550 ibi
1282 4501 1542 4550 commemoraretur
1555 4493 1643 4567 angeli
1664 4497 1820 4565 descensio,
1838 4495 1938 4554 meur

306 4602 368 4642 cum
383 4585 411 4641 in
424 4583 565 4642 «recidente
579 4582 624 4639 siti
646 4582 760 4638 orientis
781 4581 840 4638 loca
853 4597 914 4638 esse
933 4581 1102 4654 coniungunt,
1153 4586 1200 4660 qul
1215 4585 1361 4659 captivarit
1384 4586 1529 4644 draconem
1553 4597 1709 4660 serpentem
1731 4590 1883 4662 antiquum,
1899 4587 1938 4659 qul

307 4686 336 4732 ut
361 4674 498 4748 decipiant
518 4674 649 4740 uiatores,
676 4688 724 4729 cos
748 4672 882 4739 uidelicet,
907 4673 953 4744 qui
974 4673 1102 4729 seculum
1152 4689 1196 4736 nst
1217 4678 1382 4735 dienerinnen
1401 4687 1523 4746 aranas,
1547 4687 1575 4736 οι
1595 4679 1691 4754 ligavit
1715 4696 1781 4738 eum
1797 4695 1847 4755 W
1864 4694 1937 4737 m

306 4766 379 4824 istud
397 4774 597 4839 pertranseunt,
613 4772 641 4821 el
653 4779 708 4819 ¹¹⁰ss
726 4771 790 4820 ⁸⁰1¹!
805 4763 982 4830 Ιὶθῦῖῑθῑθῐθθι
997 4763 1044 4821 sed
1055 4777 1103 4834 po·
1154 4773 1235 4830 mille.
1253 4771 1350 4829 Postea
1366 4773 1488 4845 sequitur
1513 4771 1666 4846 Scriptura,
1688 4775 1803 4833 dicens:
1821 4773 1935 4830 «Erum

307 4858 420 4931 regrini,
436 4858 558 4915 difflues
572 4855 637 4913 illud
659 4854 863 4928 Pfflllllffllm
882 4872 892 4907 ⁸
909 4852 1020 4911 Mlffld
1041 4869 1101 4912 ΒΜ]
1114 4841 1142 4901 D
1154 4865 1333 4923 consummati
1352 4864 1453 4922 luerint
1465 4864 1538 4920 mille
1558 4863 1632 4928 anni,
1647 4863 1769 4922 eolretur
1790 4865 1937 4922 &urard

304 4972 356 5028 ego
379 4964 408 5011 et
431 4953 590 5027 peregrinus
613 4950 684 5007 sieut
712 4966 807 5008 omnes
821 4957 914 5023 putres
938 4948 992 5006 nrei
1014 4947 1100 5023 (Ptol.
1155 4968 1265 5013 earcere
1284 4968 1343 5018 suo,
1368 4961 1396 5009 et
1414 4953 1499 5009 exibit
1519 4960 1547 5009 et
1565 4951 1674 5010 selucet
1696 4964 1794 5025 genus
1810 4971 1868 5028 que.
1885 4962 1935 5009 eunt

306 5048 431 5122 unxerat).
447 5069 458 5103 r
472 5048 538 5117 Quis
550 5047 622 5103 enirn
633 5045 864 5119 pretereuntium,
878 5043 911 5101 de
923 5042 1022 5116 quibus
1034 5042 1101 5099 scri-
1154 5065 1238 5122 snper
1254 5055 1371 5119 quatuor
1380 5046 1494 5120 angulos
1505 5056 1596 5113 terrae,
1609 5045 1667 5120 Gog
1678 5058 1706 5104 ct
1724 5047 1833 5122 llageg,
1845 5057 1871 5105 et
1881 5061 1935 5104 con·

307 5149 383 5212 ptum
395 5149 454 5198 ost:
473 5159 482 5192 ι
499 5140 598 5196 Etnon
613 5139 740 5198 dixerunt
758 5138 805 5210 qui
818 5138 1003 5209 preteribant,
1016 5135 1102 5193 bene·
1154 5140 1277 5215 gregabit
1289 5155 1336 5196 eos
1350 5139 1378 5194 in
1399 5137 1531 5209 pretinm,
1553 5153 1668 5209 quorum
1683 5154 1818 5197 numerus
1828 5149 1868 5195 est
1879 5138 1935 5194 rtur

307 5234 391 5290 dictio
409 5231 517 5288 lmruitd
543 5245 624 5303 super
641 5246 690 5288 ros
703 5228 790 5304 (Ρωὶ.
810 5231 937 5304 eruunt),
953 5250 962 5283 ι
976 5245 1031 5287 non
1053 5230 1101 5285 ad·
1155 5248 1237 5289 arena
1250 5230 1342 5287 maris.
1357 5227 1391 5285 lit
1412 5229 1594 5286 ascenderunt
1613 5228 1877 5299 superlatitudlue·
1888 5234 1932 5282 trr-

181 5348 183 5362 =
307 5325 423 5380 miratur
435 5332 464 5380 et
472 5321 640 5393 obstupescit
655 5338 718 5379 cum
731 5322 828 5392 uallem
842 5322 941 5378 uiderit
954 5321 1099 5387 viatorum,
1154 5337 1201 5378 rm.
1217 5326 1244 5376 et
1256 5318 1422 5376 circuierunt
1433 5325 1524 5374 eastra
1547 5324 1704 5374 sanctorum
1717 5325 1748 5374 et
1758 5317 1892 5376 civitaten
1901 5315 1932 5370 d

308 5430 369 5487 quae
383 5412 533 5474 tutoribus
555 5411 633 5468 uallis
656 5412 857 5470 habitatoribus
884 5427 963 5469 mons
977 5411 1101 5468 videtur?
1154 5409 1262 5472 lecum,
1276 5417 1303 5465 et
1315 5405 1454 5465 deseendit
1466 5408 1535 5481 ignis
1546 5424 1562 5464 a
1575 5409 1631 5465 beo
1643 5407 1677 5464 de
1690 5407 1762 5465 coelo
1774 5419 1803 5467 et
1813 5404 1931 5467 demndt

307 5507 447 5582 boeiuxta
470 5507 643 5568 llobraioum.
669 5505 803 5564 Quorum
821 5505 996 5580 Septuaginta
1011 5515 1099 5563 trans·
1153 5517 1211 5559 eos.
1234 5500 1268 5556 lit
1281 5499 1415 5566 diabolus,
1438 5499 1484 5570 qui
1504 5498 1649 5576 seducebat
1667 5515 1726 5565 eos,
1751 5495 1930 5560 minorasti·

307 5599 429 5658 tulerunt
443 5618 454 5653 ι
466 5598 641 5672 polymrdriurr
653 5614 747 5655 eorum
765 5599 812 5671 qui
825 5598 948 5656 uenerint
960 5602 993 5653 ad
1014 5613 1100 5666 enare,
1154 5601 1278 5664 stagnum
1291 5590 1361 5664 ignis
1373 5600 1401 5644 et
1410 5587 1558 5660 sulphuris,
1571 5588 1618 5645 ubl
1637 5597 1680 5646 est
1692 5589 1783 5648 bestia
1795 5601 1824 5648 et
1833 5585 1929 5666 pende

307 5701 336 5750 et
361 5692 532 5751 aedldmbunt
553 5691 711 5750 incircuitu
733 5691 874 5749 introitum
885 5691 972 5749 uallis.
989 5690 1102 5748 »Labor
1153 5686 1301 5757 propbelaet
1324 5692 1353 5739 el
1375 5679 1568 5739 trudabunlssr
1580 5680 1625 5738 (¹50
1646 5697 1681 5738 ²0
1702 5691 1785 5740 Mle
1802 5681 1829 5739 ld
1849 5674 1929 5737 Μὴ

306 5783 381 5842 mun
396 5793 440 5843 est
454 5798 549 5842 eorum
566 5783 613 5856 qui
636 5780 812 5855 egrediuntur
826 5782 860 5840 de
877 5781 990 5840 urbibus
1006 5780 1101 5850 lsrael,
1123 5774 1324 5839 ,asseculorum
1336 5794 1346 5828 ι
1357 5771 1440 5847 (dede
1451 5774 1478 5828 in
1490 5771 1722 5845 dpec.)biabolus
1731 5771 1929 5842 tremulent

221 5878 226 5888 '
307 5887 338 5934 ut
346 5893 455 5934 omnem
469 5877 609 5936 introitum
624 5886 652 5934 et
673 5877 775 5932 exitum
799 5877 935 5935 baereticae
949 5877 1103 5949 prauitatis,
1152 5865 1354 5936 humillimum
1375 5862 1573 5919 Graeceaulem
1598 5863 1756 5918 crt‘mfwvr
1778 5853 1931 5923 diditi-⁸³·

308 5969 354 6038 qui
369 5977 500 6025 renerent
521 5982 628 6024 amare
652 5976 680 6023 et
693 5967 872 6025 antaritudine
895 5966 968 6024 illius
982 5966 1101 6024 delecta·
1153 5965 1212 6021 1³¹¹,
1225 5955 1390 6011 tdtmss't'l‘
1405 5955 1463 6010 Sile
1482 5954 1683 6025 dimmi-
1699 5955 1790 6012 ΜΟ
1812 5959 1932 6026 wlff·

310 6056 419 6124 bantur,
429 6056 618 6134 undarumque
631 6056 746 6113 molibus
758 6067 787 6114 ct
797 6056 955 6114 crudelitate
967 6057 1101 6131 naufragii
1152 6056 1213 6120 1⁸10r
1223 6047 1338 6104 ”silendi
1348 6045 1490 6114 mdlffissfflt
1502 6059 1615 6118 &meni
1625 6055 1740 6118 blitilde!
1752 6043 1862 6106 fallundi
1871 6049 1929 6099 ὓ*
