4500 6842
309 654 363 712 tot

855 648 1005 707 boillum
1024 648 1057 703 tu
1076 647 1203 704 Evado.
1223 647 1266 703 tt
1285 646 1392 703 aelst.

1882 652 1932 706 tto

307 766 336 822 iu
348 765 522 821 randanense
535 763 670 819 laudatus.
683 761 945 832 Superoedificamini,
961 762 1094 833 inquitis
1109 769 1136 828 Α
1149 773 1209 816 runt
1231 761 1405 831 edificantes,
1421 766 1450 813 ut
1465 758 1534 814 sieut
1554 757 1627 813 illum
1645 757 1854 828 reprobaverunt
1871 776 1933 815 eum

306 860 399 912 domos
411 853 552 925 spirisdei.
568 854 607 907 lta
620 852 679 907 lieri
695 851 753 912 illos
763 853 857 908 domos
868 853 1002 923 spiritales
1014 853 1095 917 dicit,
1107 907 1108 911 ,

305 961 369 1000 com
382 946 419 1000 sit
430 959 483 1000 una
497 945 592 999 domm
603 943 704 998 Christi
711 958 745 997 cx
756 941 859 1011 angelis
871 952 898 997 et
907 942 1001 997 electis
1011 942 1097 996 bomi-

305 1035 388 1089 nibus
397 1035 519 1098 collecta,
530 1049 583 1103 quo
594 1033 673 1087 mado
683 1049 743 1087 cnm
752 1032 786 1087 sit
794 1048 846 1086 una
854 1032 973 1087 Ecclesia
987 1032 1098 1088 catlrcli·

306 1138 339 1177 ca
349 1132 406 1177 toto
417 1124 483 1177 orbe
491 1122 597 1178 dillusa.
609 1137 679 1190 saepe
689 1120 1003 1191 pluraliterappellantur
1012 1122 1098 1177 ecclc-

306 1214 356 1267 siat
369 1222 480 1281 propter
494 1210 640 1265 multtlaria
661 1210 764 1265 scilicet
778 1210 894 1265 tidelium
913 1211 1099 1266 conventicula

306 1305 392 1358 variis
402 1304 527 1356 tribubus
540 1301 645 1371 pupulis
655 1310 681 1354 ct
695 1300 791 1372 linguis
804 1301 931 1355 discreta.
944 1300 1021 1357 Unde
1034 1300 1100 1354 dicit

307 1390 367 1459 ipse
382 1408 388 1442 :
400 1390 458 1459 ligo
468 1387 548 1443 iesus
556 1388 617 1442 misi
632 1386 755 1457 angelum
768 1403 858 1442 cneum
869 1387 1009 1442 testitlcari
1023 1387 1099 1442 vobis

308 1482 369 1534 lraec
394 1480 421 1532 iu
441 1478 573 1533 ecclesiis.
596 1476 651 1531 Nec
669 1477 883 1546 pratereundum
901 1476 972 1545 quoti
990 1477 1099 1547 quidam

261 1630 271 1645 ⁶
308 1570 419 1625 codices
444 1569 545 1622 babent
565 1582 678 1621 rturncro
700 1565 827 1634 singulari
847 1565 1099 1634 superaedificamini

308 1661 407 1714 domus
430 1655 577 1726 spiritalis,
603 1655 648 1710 alii
665 1654 916 1724 superaedificamini
940 1654 967 1707 in
991 1654 1099 1708 domum

308 1752 470 1823 spiritalem,
483 1750 509 1804 in
524 1763 577 1819 quo
597 1749 724 1802 uiruirum
737 1747 827 1799 unitas
837 1748 894 1814 ipsa
908 1746 990 1799 totius
999 1754 1100 1799 sancte

310 1841 438 1897 Ecclesiae
449 1840 538 1908 aptius
547 1838 761 1893 cotttmeudatur.
774 1837 839 1891 Cum
851 1846 939 1890 autem
949 1835 1004 1904 jam
1016 1835 1100 1890 dixis-

310 1944 353 1988 sct
368 1929 622 2002 Superadificamini
634 1930 723 1982 dorrtos
735 1927 865 1998 spiritales
876 1928 931 1982 sive
942 1926 1034 1981 dotatus
1045 1927 1099 1996 spi·

310 2024 398 2080 ritulis
413 2023 488 2077 addit
506 2039 513 2075 ι

1148 850 1312 906 aedisrcarcnt
1330 859 1407 906 actus
1418 865 1492 914 suos,
1508 849 1629 904 nolentes
1639 863 1700 903 euru
1714 848 1742 903 iu
1760 847 1934 907 fundamento

1149 943 1291 996 cordissui
1313 957 1422 1012 ponere,
1446 943 1481 995 ita
1503 950 1530 995 et
1554 941 1603 1009 ipsi
1629 942 1805 1010 reprobentur
1818 941 1934 998 abeoin

1149 1033 1265 1086 adventu
1285 1033 1352 1101 ejus,
1375 1032 1482 1087 nolente
1503 1033 1547 1087 illo
1563 1044 1627 1087 tunc
1640 1049 1687 1087 eos
1700 1033 1744 1102 qtri
1760 1049 1789 1088 sc
1804 1035 1933 1103 reproba-

1149 1129 1245 1174 verunt
1256 1120 1281 1173 in
1295 1121 1497 1175 {edificationem
1514 1122 1636 1190 accipere
1650 1122 1744 1175 domus
1758 1137 1813 1175 suae
1824 1138 1882 1191 quac
1894 1133 1936 1180 cst

1149 1213 1176 1266 iu
1189 1212 1275 1266 ctclis.
1290 1211 1323 1264 Et
1334 1213 1391 1266 lice
1406 1212 1541 1266 distinctio
1558 1213 1668 1266 honoris
1684 1214 1860 1279 credentium,
1880 1231 1934 1271 non

1149 1301 1316 1356 credentium
1329 1310 1418 1356 autem
1437 1302 1633 1372 reprobationis
1647 1303 1784 1372 bucusque
1797 1305 1934 1375 pertingit,

1149 1390 1212 1445 binc
1226 1392 1290 1445 item
1305 1392 1337 1446 de
1352 1393 1523 1447 credentibus
1538 1391 1636 1446 iuiert:

1186 1482 1237 1535 llic
1261 1483 1346 1551 [actus
1368 1484 1395 1536 in
1418 1494 1495 1553 coprut
1519 1484 1618 1553 araquli.
1640 1483 1707 1550 Quia
1728 1484 1852 1541 uidelicet
1867 1486 1938 1541 sicut

1151 1570 1218 1640 lapis
1230 1573 1367 1644 angularis
1382 1574 1449 1629 duos
1462 1575 1579 1644 parietes
1593 1574 1741 1645 corrjungit,
1756 1576 1792 1629 ita
1809 1577 1938 1634 Dominus

1150 1659 1304 1716 iudaeorum
1328 1662 1432 1732 plebem
1454 1672 1482 1717 et
1505 1663 1624 1732 gentium
1643 1664 1668 1716 iu
1685 1680 1736 1717 una
1751 1666 1802 1720 sibi
1817 1665 1879 1721 iidei
1895 1681 1939 1721 so·

1150 1750 1247 1804 cietatc
1260 1751 1407 1820 copulavit.
1424 1752 1462 1805 lle
1476 1767 1537 1805 tttox
1553 1752 1585 1806 dc
1598 1752 1750 1808 iulidelibus
1761 1755 1856 1810 addit:

1185 1838 1219 1891 Et
1231 1839 1297 1907 lapis
1311 1842 1462 1909 offensionis
1475 1850 1499 1894 ct
1514 1850 1586 1909 petra
1601 1842 1730 1896 scandali.
1746 1843 1855 1900 illucet
1869 1843 1938 1899 Pau·

1150 1932 1192 1987 lus
1206 1949 1212 1984 ε
1228 1932 1284 1986 Nos
1301 1934 1484 2002 predicamus,
1509 1934 1604 2002 iuquit,
1619 1934 1750 1989 Citristrtot
1765 1936 1866 1990 iudeis
1880 1936 1938 2008 qut'·
2034 1990 2036 1996 .

1151 2022 1208 2075 dem
1222 2021 1387 2087 scandalunt,
1400 2025 1517 2092 qerrtiios
1531 2033 1618 2077 autem
1632 2023 1780 2077 stultitiam.

346 2114 530 2169 Sacerdotium
545 2121 674 2175 sanctum,
690 2110 716 2164 id
739 2117 790 2174 est,
812 2110 990 2165 sacerdotium
1006 2121 1139 2179 secun-B
1188 2113 1238 2167 llis
1250 2116 1294 2184 qui
1311 2113 1444 2182 offendant
1460 2116 1545 2179 oeric,
1567 2132 1612 2169 trec
1630 2117 1737 2170 credunt
1751 2117 1778 2171 ie
1791 2134 1842 2187 quc
1861 2121 1942 2189 positi

309 2206 375 2260 dum
390 2204 499 2273 vosipsi
510 2203 656 2257 existentes
669 2215 749 2269 super
769 2200 971 2254 luridarnentum
985 2199 1096 2254 Christi.

309 2296 426 2352 Omnem
440 2309 505 2363 ergo
517 2293 662 2347 Ecclesiam
675 2291 854 2345 sacerdotium
867 2298 990 2344 sanctum
1008 2287 1099 2358 appel·

309 2388 361 2452 lat,
374 2388 446 2457 quod
455 2386 513 2441 sola
523 2385 619 2439 domus
628 2383 717 2437 daron
732 2383 758 2436 in
770 2382 826 2451 lege
838 2398 935 2437 nomeu
945 2390 973 2436 et
982 2381 1099 2435 ollrcium

310 2483 418 2540 babuit.
435 2481 504 2549 Quia
515 2480 641 2535 nimimm
653 2492 748 2532 omnes
756 2476 854 2530 summi
868 2474 1002 2546 pontilicis
1013 2489 1098 2528 mem-

310 2575 360 2629 bra
373 2587 480 2636 sumus,
502 2569 590 2624 cuncti
613 2567 672 2623 olco
684 2566 783 2622 laetitiae
805 2566 953 2637 signamur,
967 2564 1101 2620 universis

309 2660 437 2731 congruit
451 2659 522 2729 quod
536 2656 645 2712 subdit:

347 2752 452 2821 Offerre
466 2749 595 2820 spiritales
611 2748 709 2803 bestias
726 2765 772 2817 per
782 2745 873 2801 iesum
884 2746 1026 2801 Christum.
1041 2745 1101 2816 Spi-

312 2843 407 2900 ritales
425 2850 516 2894 autem
538 2840 726 2909 bostiasopera
746 2847 850 2902 nostra,
873 2837 1057 2906 eleemosynas
1072 2844 1100 2890 et

311 2948 409 3004 preces
421 2932 497 2996 dicit,
511 2931 543 2985 ad
556 2931 756 2985 distinctionem
771 2928 917 2982 carridium
932 2928 958 2981 in
973 2928 1030 2996 lego
1044 2928 1100 2982 vic·

312 3025 454 3078 timorum.
468 3022 544 3088 Quod
557 3030 647 3076 autem
660 3022 686 3074 in
700 3019 870 3074 conclusione
881 3018 947 3074 dicit
956 3036 1001 3088 per
1009 3019 1102 3073 iesum

311 3120 447 3178 Christum
466 3119 500 3174 ad
521 3126 617 3175 cuncta
641 3132 701 3187 quae
723 3115 884 3185 promiserat
908 3114 1024 3182 pertinet
1048 3127 1101 3182 quo

1149 2216 1219 2258 sunt.
1236 2202 1379 2259 0llendunt
1393 2204 1475 2257 verbo
1489 2218 1521 2257 eo
1536 2203 1593 2271 ipso
1607 2204 1678 2271 quod
1696 2206 1807 2259 verbum
1826 2206 1873 2259 Dei
1891 2220 1939 2260 au·

1151 2293 1209 2349 dire
1232 2307 1279 2348 cos
1302 2292 1450 2361 contingit,
1475 2292 1613 2346 ollcndunt
1637 2293 1736 2358 antino,
1759 2296 1822 2349 dum
1845 2296 1938 2350 nolunt

1151 2383 1262 2439 credere
1277 2382 1349 2451 quod
1370 2382 1492 2436 audiunt.
1517 2381 1636 2449 Quorum
1663 2384 1805 2438 stultitiam
1821 2399 1937 2455 exagge-

1152 2476 1236 2529 rando
1256 2472 1379 2542 subjecit,
1397 2491 1442 2528 nec
1456 2474 1563 2528 creduut
1574 2476 1601 2528 in
1612 2491 1662 2545 quo
1674 2485 1698 2528 et
1708 2476 1796 2544 positi.
1814 2474 1882 2530 Sunt
1893 2477 1939 2545 qui

1152 2567 1179 2620 in
1191 2566 1242 2620 boc
1254 2566 1345 2634 positi,
1357 2564 1383 2618 id
1398 2572 1439 2619 cst
1452 2580 1501 2633 per
1515 2574 1639 2619 naturam
1659 2566 1781 2619 homines
1795 2564 1860 2619 lacti
1877 2575 1941 2620 sunt

1151 2665 1181 2711 ut
1192 2656 1304 2711 credant
1316 2656 1372 2710 Dec
1382 2664 1410 2711 et
1424 2656 1482 2725 ejus
1499 2656 1630 2710 voluntati
1648 2656 1844 2726 obtemperent,
1861 2656 1938 2712 Salo·

1152 2763 1231 2802 mone
1243 2756 1388 2802 attestante
1398 2762 1460 2800 curn
1475 2747 1512 2800 ait
1527 2766 1532 2799 :
1550 2747 1688 2801 llonrinum
1703 2749 1763 2802 time
1775 2756 1800 2802 et
1814 2749 1940 2802 mundato

1152 2836 1209 2905 ejus
1229 2836 1346 2902 obserere,
1366 2837 1414 2890 boc
1426 2846 1463 2890 cst
1476 2841 1560 2890 cinctis
1580 2838 1667 2902 domo,
1682 2838 1772 2903 idest,
1786 2839 1813 2893 lu
1826 2840 1879 2894 boc
1891 2855 1938 2894 ua·

1154 2925 1275 2980 turalitcr
1295 2924 1381 2980 lactus
1402 2936 1445 2981 est
1469 2928 1558 2982 orrrrtis
1581 2927 1662 2983 homo
1682 2938 1711 2982 ut
1732 2927 1817 2983 Deum
1842 2930 1940 2985 timens
1995 2959 1999 2968 ·

1153 3015 1212 3083 ejus
1232 3016 1367 3071 mandatis
1386 3017 1559 3072 obsecundet.
1576 3018 1688 3084 Quidam
1701 3020 1808 3074 codices
1822 3021 1941 3085 liabent,

1153 3111 1180 3166 in
1197 3127 1248 3180 quo
1262 3126 1285 3163 et
1304 3111 1391 3179 positi.
1417 3110 1482 3163 item
1509 3111 1579 3180 quod
1601 3112 1758 3180 intelligitur
1776 3112 1853 3180 juxta
1878 3113 1941 3177 hoc,

311 3227 362 3283 per
376 3210 462 3280 ipsius
488 3208 602 3278 gratiam
625 3215 652 3259 et
676 3202 922 3273 superedificatuur
947 3202 972 3255 in
987 3201 1033 3255 illo
1053 3215 1103 3270 por
1153 3202 1225 3270 quod
1239 3198 1337 3254 Paulus
1360 3201 1391 3254 dc
1412 3200 1525 3254 Dorrtino
1546 3200 1659 3269 loquens
1678 3203 1733 3256 ait:
1756 3203 1789 3256 ln
1804 3204 1858 3272 ipso
1871 3203 1940 3256 enim

312 3302 478 3356 architectos
493 3298 627 3367 sapientes
637 3336 644 3360 ,
656 3296 708 3350 boc
721 3304 764 3349 est
777 3294 915 3349 ntiulstrus
931 3292 995 3347 Novi
1008 3291 1102 3347 Testa·
1152 3301 1176 3346 et
1193 3293 1312 3354 cr'et'tvtns,
1327 3302 1350 3345 et
1362 3309 1504 3357 ntoccntur,
1520 3303 1543 3346 et
1554 3311 1653 3347 sentus.

312 3392 409 3456 utenti,
422 3398 451 3446 et
462 3387 699 3456 domussptritdes
711 3384 841 3440 efficimur
851 3400 898 3453 per
909 3384 1032 3453 spirltum
1044 3382 1102 3451 ejus
1194 3379 1245 3435 Vos
1258 3392 1344 3435 aretem
1357 3399 1437 3453 qcnus
1451 3383 1568 3446 electum,
1585 3385 1669 3455 requie
1682 3387 1866 3453 sacerdotium,
1880 3405 1942 3459 qens

312 3493 407 3538 contra
423 3481 543 3551 pluvias,
559 3487 663 3541 ventos,
678 3476 788 3530 llumina
804 3475 980 3531 tentationum
993 3475 1099 3537 nrtrniti,
1115 3477 1138 3538 C
1153 3481 1255 3536 sarecto,
1279 3473 1389 3541 populus
1409 3473 1598 3543 acquisitionis.
1624 3475 1680 3530 lloc
1698 3487 1750 3542 est,
1766 3479 1853 3534 laudis
1867 3481 1943 3536 testi-

310 3583 340 3628 et
351 3573 505 3628 sacerdotio
520 3579 613 3625 sancto
626 3568 792 3638 participari,
805 3575 831 3621 et
848 3564 911 3621 boni
933 3565 1033 3635 aliquid
1058 3582 1103 3619 oc·
1155 3563 1273 3615 monium
1291 3557 1426 3631 qttortd‘tm
1441 3564 1553 3634 antiquo
1567 3566 1670 3620 bomini
1687 3568 1785 3637 populo
1801 3584 1850 3638 per
1865 3569 1940 3641 bloy-

312 3663 447 3733 ceptabile
474 3661 586 3716 llomino
597 3673 705 3731 gerere,
726 3673 778 3713 non
799 3657 851 3712 nisi
863 3672 910 3726 per
928 3658 1014 3723 ipsum
1034 3658 1104 3711 rale-
1154 3668 1201 3705 seu
1214 3653 1317 3716 datum,
1332 3653 1402 3722 quod
1419 3670 1491 3709 truite
1509 3666 1581 3710 recte
1598 3659 1721 3725 gentibus
1738 3660 1784 3714 dat
1804 3661 1943 3731 apostolus

312 3767 383 3807 mus.
406 3751 481 3806 Sicut
496 3752 564 3805 enirn
578 3750 677 3819 palmes
699 3766 751 3802 non
764 3758 844 3818 potest
862 3748 930 3817 [erre
950 3746 1064 3816 [ratetum
1088 3766 1104 3801 n
1153 3743 1259 3810 l’ctruS,
1281 3746 1343 3813 quia
1363 3745 1487 3800 videlicet
1499 3747 1526 3800 in
1541 3746 1677 3804 Christum
1695 3752 1876 3819 crediderunt,
1896 3756 1943 3824 qui

311 3844 451 3911 “metipso
466 3842 516 3896 nisi
541 3841 665 3895 manserit
684 3840 711 3892 in
735 3839 794 3902 cite,
811 3838 849 3891 sic
865 3853 910 3890 nee
930 3853 989 3901 uos,
1006 3837 1103 3907 iuquit,
1155 3836 1226 3890 selut
1249 3838 1316 3906 lapis
1339 3838 1475 3908 angularis
1497 3840 1523 3892 in
1540 3855 1600 3894 eam
1620 3858 1700 3911 quam
1715 3843 1741 3896 iu
1756 3858 1784 3898 se
1800 3844 1880 3898 lsrael
1894 3847 1943 3899 ba·

313 3934 365 3987 uisi
377 3935 405 3987 in
421 3950 462 3987 nte
473 3932 630 3986 ritansert'tis.
1154 3928 1249 3982 bucrut
1272 3929 1385 3984 salutem
1403 3940 1495 4001 gentes
1512 3934 1642 3996 adtrivisti,
1658 3948 1725 4003 qttos
1737 3951 1817 4003 qenes
1831 3936 1941 3989 eiectum

350 4020 463 4091 Propter
488 4022 558 4091 quod
579 4022 691 4075 continet
715 4020 956 4090 Scriptura:Ecce
983 4036 1050 4089 porro
1075 4020 1103 4072 iu

314 4112 380 4169 Sion
390 4113 504 4181 lapidem
515 4127 645 4165 sumntum
656 4110 810 4180 anqularem
820 4111 939 4175 eiectum,
950 4111 1101 4182 pretiosum.

314 4199 372 4255 llac
395 4200 578 4254 testimonium
605 4199 637 4253 de
662 4197 729 4252 lsaia
754 4199 829 4268 ponit
842 4199 876 4253 ad
890 4199 1103 4255 confirmandum

313 4290 367 4345 boc
388 4290 462 4358 quod
481 4289 642 4359 promiserat
665 4288 700 4341 ad
721 4305 796 4359 quem
824 4289 972 4344 accedentes
989 4290 1103 4354 lapident

314 4383 412 4444 sirum,
433 4389 559 4435 astruens
575 4387 604 4434 et
621 4378 759 4433 affirmans
779 4378 920 4433 bominum
937 4378 1103 4434 saltatorem

1155 4027 1233 4072 vocat
1252 4028 1362 4087 propter
1385 4020 1475 4085 tidem,
1496 4030 1526 4074 ut
1548 4021 1695 4092 distinguat
1709 4025 1795 4080 abeis
1813 4027 1859 4095 qui
1876 4027 1943 4097 lapi-

1154 4109 1215 4163 dem
1228 4110 1317 4163 vivum
1338 4113 1507 4179 reprobando
1522 4113 1585 4167 laeti
1600 4123 1663 4168 sunt
1681 4115 1730 4185 ipsi
1755 4118 1873 4187 reprobi.
1892 4118 1943 4172 lie-

1155 4199 1308 4270 qoleautem
1317 4201 1490 4254 sacerdotium
1502 4203 1547 4271 qui
1559 4204 1630 4258 illius
1639 4207 1745 4275 corpori
1754 4209 1943 4278 suntunitiqui

1155 4306 1202 4345 rea
1218 4305 1338 4345 summus
1353 4300 1380 4344 et
1394 4292 1521 4347 sacerdos
1536 4303 1578 4348 est
1594 4308 1684 4360 verus,
1699 4313 1810 4368 regnum
1826 4301 1882 4354 suis
1896 4302 1944 4354 tri·

1154 4382 1239 4436 bucos
1250 4390 1278 4434 ut
1292 4396 1350 4446 rex,
1372 4392 1399 4435 et
1413 4391 1442 4437 ut
1455 4385 1574 4453 pontilca
1589 4402 1681 4441 corum
1697 4401 1806 4457 peccata
1823 4392 1863 4446 sui
1879 4408 1943 4447 sau-

314 4482 426 4542 propter
448 4472 603 4526 firmitatem
632 4486 709 4526 suam
737 4470 1034 4539 lapidetuapropltctis
1054 4485 1102 4525 vo·
1154 4473 1243 4543 guinis
1254 4473 1341 4527 lrostia
1353 4474 1495 4538 mundans,
1509 4475 1604 4547 Regale
1614 4480 1787 4535 sacerdotium
1798 4498 1844 4537 cos
1858 4485 1944 4536 nortd-

314 4562 381 4626 ατί,
396 4570 427 4615 et
439 4562 510 4630 quod
524 4561 599 4615 addit
619 4579 626 4616 :
1154 4571 1211 4627 nat,
1226 4571 1254 4617 et
1266 4571 1295 4616 ut
1308 4579 1419 4634 regnum
1437 4579 1547 4635 sperare
1560 4578 1719 4637 perpensum
1734 4579 1761 4624 et
1776 4572 1878 4625 hostias
1891 4572 1942 4623 im-

349 4648 384 4702 Et
402 4650 487 4702 omnis
501 4650 545 4719 qui
559 4650 641 4704 eredit
651 4650 680 4705 in
691 4667 749 4705 eum
761 4666 813 4704 nort
826 4650 1010 4720 contundetur,
1025 4667 1105 4722 prop-
1155 4651 1296 4707 maculatae
1317 4655 1532 4709 conversationis
1548 4659 1603 4711 beo
1615 4672 1723 4726 semper
1737 4658 1833 4713 offerre
1848 4662 1943 4713 memi-

316 4745 356 4790 ter
366 4738 419 4791 boc
434 4738 511 4805 ponit
524 4739 595 4807 quod
609 4738 732 4793 dixerat:
748 4739 783 4793 Et
805 4756 849 4794 cos
866 4750 990 4811 tanquam
1004 4741 1103 4812 lapidet
1155 4744 1252 4797 nerint.
1274 4744 1344 4799 Geras
1363 4761 1469 4817 quoque
1483 4757 1574 4800 sancto
1587 4758 1615 4816 ,et
1634 4748 1745 4816 populus
1764 4752 1943 4820 acquisitionis

314 4828 362 4882 riri
376 4828 635 4897 supradificontini.
660 4828 774 4884 Pulchre
793 4840 883 4885 autem
902 4833 1039 4901 propbeta
1057 4833 1101 4889 bic
1114 4820 1140 4879 Ι)
1153 4845 1285 4889 vocantur
1295 4834 1374 4902 iuxta
1394 4837 1419 4890 id
1440 4837 1512 4906 quod
1531 4836 1669 4905 apostolus
1682 4838 1779 4895 Paulus
1794 4842 1942 4911 prophetiae

315 4917 489 4978 marruvium,
501 4925 528 4969 et
536 4916 656 4985 Apostoli
672 4932 760 4972 sermo
772 4934 826 4988 quo
839 4919 956 4974 dicitur:
972 4921 1101 4977 Acceden—
1152 4939 1291 4992 exponens
1311 4926 1473 4980 sententiam
1491 4926 1606 4981 dicentis
1619 4943 1626 4980 :
1639 4925 1734 4982 destos
1756 4941 1844 4985 antem
1870 4949 1942 4986 naeus

314 5016 351 5061 us
360 5007 396 5059 ad
405 5007 519 5074 lapidem
532 5008 626 5072 uicum,
636 5007 678 5061 vel
686 5010 816 5064 credentes
825 5012 853 5064 in
861 5028 891 5065 eo
902 5029 954 5066 non
962 5013 1099 5081 confundi,
1152 5037 1185 5075 ec
1196 5021 1322 5089 fidesioit.
1333 5020 1409 5084 Quod
1417 5022 1441 5075 si
1450 5021 1608 5075 subtraxerit
1619 5039 1647 5077 se
1659 5040 1710 5078 non
1720 5026 1829 5093 placebit
1843 5029 1941 5081 anima

315 5094 386 5147 illius
408 5094 505 5163 psalmi
529 5096 663 5151 versiculo
684 5097 710 5150 io
734 5112 788 5167 quo
808 5114 869 5153 cum
893 5102 994 5156 dictum
1017 5113 1099 5171 essct,
1154 5128 1228 5166 metr.
1247 5112 1302 5165 Nos
1321 5123 1419 5179 autem,
1438 5113 1535 5184 inquit,
1549 5130 1599 5168 non
1611 5132 1702 5169 sumus
1717 5117 1899 5172 subtractionis
1914 5119 1942 5173 in

314 5184 435 5238 Accedite
455 5184 490 5236 od
510 5201 569 5238 eum
583 5195 607 5239 et
625 5185 819 5252 illuminamini,
843 5192 971 5246 continuo
991 5194 1102 5263 subjun-

314 5281 386 5327 ctum
402 5282 464 5327 est:
480 5272 514 5327 lt't
526 5273 610 5329 nultus
622 5277 698 5329 nestri
714 5294 764 5331 non
776 5280 935 5335 erubescent.
950 5282 998 5337 Cui
1012 5282 1101 5339 simile

313 5371 355 5418 cst
369 5364 442 5434 quod
453 5363 573 5420 ioannes
590 5366 647 5419 ait:
664 5365 699 5420 Et
710 5384 788 5432 nunc,
801 5369 887 5437 pilioli,
899 5383 1000 5426 ocurrere
1015 5373 1042 5426 in
1058 5391 1100 5441 eo,

314 5462 341 5506 ut
352 5469 413 5506 curn
425 5455 576 5524 opposuerit
592 5453 733 5509 babeamus
747 5457 873 5525 fiduciam
889 5468 913 5512 et
927 5477 978 5514 nort
990 5462 1102 5532 consun-

313 5545 410 5597 demur
424 5544 456 5597 ab
470 5562 500 5598 eo
512 5547 539 5599 in
550 5546 661 5600 aduentu
675 5547 740 5616 ejus.

355 5632 433 5688 dolis
444 5635 527 5704 igitur
537 5638 622 5691 donor
631 5638 804 5694 credentibus.
819 5640 865 5696 llle
876 5643 1003 5699 nimirum
1016 5646 1101 5702 hauor

312 5735 343 5777 at
355 5738 409 5778 uon
421 5724 621 5780 confundamini
633 5727 667 5782 ab
677 5742 709 5782 co
720 5728 746 5784 in
757 5730 872 5787 adventu
885 5732 953 5803 ejus.
966 5735 1018 5791 Sed
1031 5738 1101 5794 sicut

311 5815 372 5884 ipse
394 5815 434 5868 ait
454 5833 461 5868 ε
483 5814 512 5870 Si
532 5818 590 5886 quis
612 5818 676 5873 milri
692 5821 897 5890 ministraverit,
917 5826 1100 5896 honorificabit

309 5922 372 5959 aaa
386 5904 469 5959 Pater
481 5923 564 5961 nteus.

348 5994 411 6051 Non
445 5997 610 6053 credentibus
636 6010 724 6055 autent
750 6004 816 6075 lapis
842 6024 918 6078 quern
945 6012 1097 6080 reprobave-

494 6085 629 6149 cirson.
652 6089 719 6152 cx.

1154 5203 1334 5271 perditionem,
1346 5202 1390 5256 sed
1402 5204 1465 5272 fidei
1478 5205 1504 5259 in
1518 5207 1715 5275 acquisitionem
1736 5209 1841 5262 aniene.
1860 5210 1893 5263 Et
1912 5212 1941 5267 iu

1153 5291 1265 5347 Actibus
1295 5292 1500 5362 apostolorum:
1525 5293 1574 5348 Vos
1596 5294 1710 5365 Spiritus
1729 5308 1835 5352 sanctio
1854 5300 1942 5370 posuit

1146 5382 1285 5451 *episcopos
1307 5399 1395 5451 repere
1415 5382 1559 5437 Ecclesium
1584 5382 1690 5438 bomini
1706 5402 1785 5457 quant
1805 5390 1941 5458 aequisivit

1153 5474 1280 5542 sanqrrine
1291 5490 1348 5527 suo.
1359 5471 1477 5542 Populus
1492 5489 1556 5546 crgo
1570 5476 1756 5544 acquisitionis
1769 5477 1835 5532 iacti
1847 5494 1940 5534 sumus

1155 5563 1181 5616 in
1196 5564 1325 5632 sanguine
1337 5565 1422 5617 nostri
1437 5564 1634 5636 llcdemptoris,
1649 5568 1791 5636 quoderat
1804 5570 1939 5637 quondam

1153 5653 1267 5722 populus
1277 5652 1369 5718 lsrael,
1381 5655 1534 5725 redemptus
1544 5660 1674 5728 sanguine
1688 5659 1749 5728 agni
1762 5658 1796 5713 de
1809 5658 1938 5729 AEgypto.

1156 5743 1231 5798 Unde
1240 5754 1268 5799 et
1277 5744 1305 5799 in
1317 5746 1437 5813 sequenti
1449 5761 1556 5815 qunque
1568 5748 1700 5803 versiculo
1715 5748 1827 5818 mystice
1839 5748 1940 5805 veteris

1153 5835 1310 5890 recordatur
1327 5836 1455 5898 historiae,
1471 5846 1498 5891 et
1511 5838 1561 5892 bac
1576 5853 1646 5893 novo
1659 5840 1705 5894 bei
1717 5838 1814 5909 populo
1830 5837 1941 5908 spirita·

1152 5924 1214 5978 liter
1223 5926 1301 5979 docet
1315 5927 1478 5996 implendum
1493 5927 1605 5982 dicens:

1189 6014 1222 6070 tn
1233 6028 1339 6072 uirtutes
1352 6021 1512 6073 onrtuntietis
1522 6019 1579 6088 ejus
1589 6022 1633 6088 qui
1643 6022 1675 6073 de
1688 6021 1799 6075 tenebris
1810 6039 1854 6078 nos
1865 6038 1942 6079 roca

1689 6116 1714 6177 b
