4500 6842
304 627 357 684 5⁸5
634 624 639 632 '
786 620 964 679 cubuerit,
985 621 1018 676 ΙΝ
1037 620 1262 676 Ezscrrrsturt.
1282 650 1317 662 -
1334 621 1399 678 tta.
1418 621 1451 677 ll.
1875 624 1931 682 tte

303 745 419 805 utraque
433 743 540 794 astura,
563 730 690 801 quoniam
710 730 755 799 qui
772 729 843 785 Deus
857 738 920 784 auto
934 729 1032 783 snorrla
1045 743 1092 782 err-
1107 731 1129 787 Α
1145 743 1243 791 rorem,
1267 728 1345 783 datur
1357 731 1462 799 signum
1486 729 1686 795 misericordia,
1709 729 1782 785 uelut
1804 742 1929 802 aspectus

303 824 384 888 stitit,
396 823 478 877 bomo
492 819 580 874 laetus
591 828 633 874 est
645 818 670 871 in
686 816 986 872 numerositatem
1002 826 1092 870 tamen
1143 833 1234 882 arens,
1254 834 1314 873 erun
1333 819 1413 874 luerit
1432 821 1458 873 in
1478 822 1549 876 nube
1572 822 1598 875 irr
1616 822 1659 876 die
1679 822 1783 892 pluviae.
1796 822 1928 898 (Gregor.)

302 924 366 972 aute
389 914 543 985 passionem
571 925 646 965 suam
674 918 701 964 et
728 909 815 979 augeb
840 909 1045 970 ministrabant,
1065 918 1093 962 et
1143 904 1210 971 Quid
1227 917 1277 970 est,
1305 910 1375 977 qnod
1389 917 1514 978 aspectus
1527 909 1644 965 horniais
1661 911 1767 967 ridetur
1781 913 1807 968 in
1823 915 1930 979 tlrrouo,

303 1005 375 1060 bunc
392 1000 504 1072 angelus
518 996 661 1054 consonat.
676 996 740 1052 Post
763 997 992 1065 passiorreuruero
1013 1004 1094 1064 atque
1142 999 1217 1068 quasi
1247 1000 1350 1067 specics
1371 998 1475 1063 electri,
1500 999 1550 1053 uisi
1575 1001 1647 1069 qnod
1671 1002 1696 1054 in
1722 1002 1835 1068 electro,
1860 1005 1932 1061 sieut

303 1090 531 1148 resurrectionem
546 1089 605 1159 ejus
621 1088 683 1142 buie
698 1086 786 1158 angeli
804 1087 958 1140 ministrare
971 1094 1091 1155 possunt,
1143 1087 1223 1158 longe
1244 1087 1811 1161 superiusdixinrus,aurumetargentum
1837 1095 1932 1149 misee-

303 1181 348 1236 sed
365 1182 424 1251 jam
446 1181 518 1235 bunc
540 1177 693 1234 confortare
716 1192 769 1230 non
792 1184 913 1246 possunt,
936 1177 999 1245 quia
1024 1176 1093 1230 sieut
1142 1185 1197 1239 tur,
1221 1186 1304 1231 utres
1318 1191 1371 1229 una
1386 1192 1419 1231 er
1443 1177 1547 1231 duobus
1562 1179 1678 1233 metallis
1696 1179 1764 1234 stat?
1779 1182 1807 1235 ln
1830 1198 1883 1252 qua
1903 1196 1932 1239 et

302 1273 484 1335 dictumest,
509 1280 536 1325 et
559 1269 582 1324 si
606 1270 681 1340 prius
705 1268 903 1322 lirmameutum
923 1267 974 1321 sub
996 1266 1093 1321 throno
1143 1282 1191 1337 pcr
1220 1275 1361 1334 argentum
1391 1267 1451 1320 auri
1478 1266 1588 1322 claritas
1623 1279 1804 1339 temperatur,
1830 1281 1858 1326 et
1883 1290 1933 1344 per

303 1366 438 1437 apparuit,
450 1364 507 1434 jam
523 1361 613 1418 tamen
635 1363 717 1416 bomo
739 1375 820 1429 super·
845 1360 971 1413 tlrronum
995 1368 1047 1414 est.
1064 1360 1091 1413 lu
1143 1356 1293 1412 claritatem
1306 1357 1366 1410 auri
1380 1358 1483 1426 species
1503 1358 1629 1413 clarescit
1641 1362 1755 1430 argenti.
1783 1363 1811 1417 ln
1828 1366 1931 1419 redem-

303 1456 382 1525 cujus
404 1470 519 1526 persona
541 1462 570 1508 ut
595 1454 725 1523 propbeta
760 1461 868 1506 sanetus
901 1450 1092 1506 adunationem
1142 1462 1219 1521 prore
1233 1464 1321 1505 aurern
1340 1462 1442 1516 nostro,
1461 1460 1580 1521 utraeque
1596 1464 1709 1518 natrrru,
1730 1456 1820 1525 idest,
1837 1459 1933 1513 divini·

305 1543 527 1617 [adjunctionem]
550 1544 690 1612 utriusque
709 1550 813 1597 naturae
831 1541 977 1596 sevidisse
998 1550 1091 1595 osten·
1144 1542 1207 1596 tatis
1219 1551 1246 1596 et
1264 1542 1439 1595 humanitatis
1452 1542 1589 1597 iueorrluse
1612 1547 1693 1613 atque
1717 1546 1933 1616 inseparabilitr

304 1633 390 1697 deret,
403 1632 527 1703 protinus
538 1631 660 1702 adjunxit
675 1650 681 1685 :
1143 1630 1251 1685 sibimet
1263 1641 1326 1685 suut
1339 1631 1431 1695 unitae,
1453 1640 1482 1685 ut
1495 1647 1544 1701 per
1555 1634 1759 1699 humanitatem,
1784 1637 1933 1692 divinitatis

341 1725 401 1780 «m
424 1724 495 1787 virli,
511 1723 588 1793 quasi
613 1723 731 1793 speciem
756 1721 848 1777 electri
865 1721 936 1776 velut
952 1729 1091 1790 aspectum
1142 1718 1201 1788 ejus
1226 1721 1335 1776 claritas
1366 1721 1467 1775 uostris
1489 1732 1581 1789 posset
1612 1722 1698 1777 oeulis
1721 1727 1882 1794 temperari;
1904 1734 1932 1781 et

308 1814 411 1886 tignis
429 1812 591 1868 intrinsecus
604 1827 653 1881 per
676 1809 960 1867 circuitumalumbis
981 1808 1048 1877 ejus,
1065 1816 1092 1862 et
1142 1822 1191 1877 per
1226 1809 1395 1864 divinitatem
1421 1810 1536 1864 bumana
1568 1824 1602 1865 eo
1626 1820 1721 1866 natura
1760 1812 1932 1878 claresceret.

308 1922 317 1958 r
337 1904 464 1972 desurper,
485 1910 512 1957 et
535 1918 551 1956 a
574 1901 753 1970 luurbiseius
777 1916 862 1971 usque
884 1900 1021 1962 deorsum,
1037 1898 1091 1952 vidi
1143 1898 1346 1966 atqueesaltata
1361 1897 1492 1969 fulgorem
1505 1898 1573 1951 ultra
1589 1900 1640 1953 bne
1652 1900 1723 1968 quod
1736 1910 1828 1956 ereata
1844 1901 1935 1959 luerat

308 2011 317 2044 r
338 1993 416 2065 quasi
436 1992 555 2061 speeiem
569 1991 638 2061 ignis
660 1992 826 2062 splendentis
840 1992 866 2044 irr
881 1990 1006 2053 circuitu,
1018 1987 1092 2043 relat
1144 1989 1264 2044 baberet.
1290 1989 1349 2058 lpse
1362 2005 1426 2045 vero
1437 1999 1561 2058 aspectus
1573 1991 1690 2046 bortrinis
1704 2007 1785 2062 super
1803 1996 1931 2050 thronum

309 2102 317 2133 ι
337 2091 477 2152 aspectum
490 2096 570 2137 areas
583 2097 645 2137 eum
661 2081 741 2137 luerit
756 2083 782 2136 iu
799 2083 869 2136 nube
884 2080 910 2134 in
928 2078 971 2136 die
983 2079 1088 2149 plurim.
1106 2084 1128 2141 Β
1142 2087 1170 2133 et
1198 2078 1302 2147 speeies
1310 2078 1414 2143 electri,
1440 2093 1520 2147 quam
1535 2080 1611 2143 uidit,
1633 2080 1720 2149 qualis
1736 2083 1760 2137 ei
1778 2087 1934 2154 apparuerit

309 2190 317 2221 r
337 2170 388 2226 llic
400 2180 460 2227 erat
472 2181 597 2240 aspectus
611 2171 760 2241 splendoris
772 2187 820 2240 per
834 2186 938 2241 gyrum,
953 2171 1011 2226 bare
1026 2170 1093 2224 risio
1143 2169 1232 2223 adbuc
1247 2168 1425 2223 describendo
1437 2169 1568 2239 arljurrgit.
1594 2188 1603 2220 s
1621 2169 1699 2225 Velut
1719 2183 1845 2242 aspectus
1866 2175 1935 2245 iguis

309 2260 525 2316 «similitudinis
549 2259 642 2331 gloriae
664 2259 807 2314 Danuui.»
834 2258 969 2331 (Hieron.)
990 2257 1093 2313 Simili·
1143 2257 1306 2312 intrinsecus
1335 2256 1393 2324 ejus
1416 2273 1465 2326 per
1487 2258 1649 2322 circuitum,
1675 2259 1807 2316 alunrbis
1829 2264 1888 2331 ejus
1907 2274 1936 2319 rt

308 2351 370 2406 tudo
400 2350 534 2414 hominis,
560 2350 607 2420 qui
642 2350 753 2405 sedebat
783 2364 866 2420 super
891 2348 1093 2405 similitudinem
1145 2346 1270 2416 desuper,
1284 2348 1453 2402 etalumbis
1467 2347 1525 2415 ejus
1538 2364 1624 2419 usque
1637 2350 1762 2405 deorsum
1784 2355 1838 2408 ridi
1855 2357 1932 2424 quasi

307 2441 395 2497 tbroni
409 2458 417 2495 :
432 2440 478 2511 qui
492 2441 605 2495 tlrronus
630 2441 747 2495 babebat
769 2440 972 2495 similitudinem
998 2438 1093 2507 lapidis
1143 2439 1262 2508 speeiem
1288 2439 1358 2509 iguis
1382 2438 1548 2507 splendentis
1563 2440 1589 2493 in
1607 2441 1765 2495 circuitu.»
1792 2443 1862 2511 Quid
1887 2457 1931 2501 est

306 2534 421 2605 sapphiri
445 2533 575 2588 alumbis
596 2541 624 2588 ct
645 2533 770 2603 desuper,
787 2532 888 2587 electro
909 2539 1093 2600 comparatur.
1143 2529 1214 2598 quol
1234 2530 1365 2583 moliatur
1384 2529 1430 2584 Dei
1443 2530 1620 2584 etlrominam
1644 2532 1725 2586 borno
1753 2534 1830 2589 lesus
1855 2536 1935 2591 Cirri-

306 2623 380 2693 Quod
393 2624 523 2679 electrum
544 2631 571 2678 et
595 2621 757 2677 intrinsecus
773 2630 801 2677 et
824 2621 993 2677 extrinsecus
1012 2620 1094 2674 babe-
1144 2628 1202 2675 stus
1228 2618 1254 2689 (l
1278 2618 1344 2673 Tim.
1373 2618 1423 2691 rr),
1445 2636 1459 2673 a
1485 2620 1581 2674 lumbis
1605 2629 1633 2674 et
1654 2621 1770 2691 desuper
1795 2636 1933 2695 aspectum

306 2714 360 2780 bat,
373 2712 452 2783 quasi
475 2712 545 2783 iguis
560 2720 708 2780 aspectum.
732 2710 871 2766 dlumbis
889 2725 953 2766 uero
966 2719 994 2765 et
1015 2711 1094 2768 deor-
1144 2708 1215 2780 ignis
1235 2708 1398 2763 intrinsecus
1416 2725 1465 2778 per
1483 2710 1627 2764 circuitum
1639 2710 1740 2765 babere
1762 2713 1933 2778 describitur,

306 2820 373 2871 sum,
388 2804 458 2876 ignis
471 2814 531 2859 erat
544 2802 717 2873 resplendens
738 2804 764 2858 iu
786 2803 911 2867 circuitu,
927 2812 956 2856 ut
969 2806 1095 2860 osteude-
1143 2807 1171 2854 et
1184 2814 1200 2852 a
1214 2799 1312 2854 lumbis
1324 2809 1353 2854 et
1365 2800 1490 2855 deorsum
1510 2799 1630 2870 speeiem
1643 2800 1713 2870 iguis
1726 2800 1891 2870 splendeatis
1906 2806 1934 2860 in

308 2908 344 2954 ret
357 2913 391 2952 ea
406 2912 467 2968 quae
483 2911 564 2967 supra
580 2894 684 2951 lumbos
697 2903 768 2959 suut,
784 2894 830 2949 ubi
858 2909 955 2949 seusus
970 2905 1095 2951 uersatur
1144 2892 1280 2948 eireuitul
1297 2893 1513 2964 lrrvestiganduur
1527 2908 1643 2962 namque
1655 2905 1707 2959 est,
1734 2911 1821 2965 quare
1836 2910 1852 2948 a
1867 2895 1937 2950 lurn-

307 2996 332 3043 et
351 2987 434 3051 ratio,
450 3002 504 3042 uorr
519 2985 640 3055 indigere
662 2986 723 3056 igne
741 3001 792 3040 nee
813 2984 943 3047 dammis,
967 2988 1013 3041 sod
1034 3002 1096 3056 pre·
1144 2985 1186 3041 bis
1199 2994 1227 3040 et
1239 2986 1354 3055 desuper
1369 2985 1457 3056 iguem
1470 2985 1641 3050 intrinsecus,
1671 3001 1720 3041 aee
1740 2995 1830 3041 tamen
1845 2986 1934 3056 spieu-

308 3078 452 3135 tiosissiruo
467 3076 575 3132 metallo
591 3085 620 3132 et
631 3075 784 3145 purissimo.
798 3076 836 3131 Ea
849 3090 913 3131 aero
926 3091 1012 3144 quaa
1027 3077 1096 3132 lum·
1145 3075 1253 3130 dentem
1277 3075 1366 3145 ignem
1389 3076 1490 3131 babere
1508 3084 1644 3130 narratur.
1660 3075 1682 3129 Α
1707 3076 1804 3131 lumbis
1823 3091 1886 3131 uero
1909 3084 1938 3131 et

308 3167 345 3223 bis
362 3168 500 3231 deorsum,
516 3165 561 3220 ubi
576 3166 673 3232 coitus,
694 3165 737 3220 ubi
760 3166 909 3235 generatio,
930 3167 976 3222 ubi
1001 3166 1094 3223 ineen-
1145 3163 1272 3220 deorsum
1291 3166 1472 3237 babereiguis
1493 3166 1610 3234 speeiem
1636 3167 1744 3232 dieitur,
1771 3175 1933 3222 nontamen

309 3261 359 3314 tiva
376 3260 519 3324 vitiorum,
543 3258 701 3328 purgatione
724 3257 842 3327 indigere
864 3256 1051 3323 llammarum,
1066 3267 1097 3313 ιιι
1146 3253 1218 3309 bunc
1236 3254 1336 3310 babere
1351 3256 1514 3311 intrinsecus
1528 3267 1706 3321 memoratur,
1721 3259 1783 3327 quia
1798 3267 1825 3313 et
1838 3259 1939 3315 deseri·

309 3364 365 3403 turn
388 3358 502 3420 purgata
518 3348 630 3410 luerint,
656 3346 772 3402 babeant
785 3348 855 3401 sieut
873 3363 954 3404 arens
971 3348 1096 3404 similitu·
1145 3344 1231 3399 bitur.
1243 3343 1312 3411 Quid
1322 3346 1394 3400 enim
1405 3346 1556 3400 luurlorum
1564 3348 1730 3401 rromioeaisi
1739 3363 1937 3418 propagamur·

309 3437 406 3503 dinem,
420 3454 479 3507 que
494 3437 572 3508 uulgo
594 3436 644 3491 lris
658 3436 765 3501 dicitur,
780 3451 842 3491 erun
868 3436 950 3492 luerit
975 3439 1001 3491 irr
1026 3437 1096 3492 nube
1109 3420 1134 3483 C
1149 3434 1260 3490 talitatis
1273 3435 1452 3505 exprimitur
1463 3435 1577 3507 Propter
1589 3438 1660 3507 quod
1679 3438 1759 3492 stiam
1770 3438 1803 3492 de
1820 3438 1881 3493 beri
1895 3437 1937 3494 di-

310 3526 719 3605 iudiepluriae;iprrerriru‚qute
730 3526 756 3580 iu
769 3533 862 3581 saneta
873 3525 1094 3597 Scripturaldsn.
1147 3527 1218 3581 eitur
1231 3524 1308 3596 (Gen.
1331 3526 1400 3597 arr),
1416 3528 1479 3596 quia
1498 3527 1586 3583 adbuc
1605 3528 1632 3582 in
1649 3527 1747 3582 lumbis
1763 3528 1849 3598 patris
1868 3539 1937 3593 erat,

310 3618 352 3690 tt)
380 3627 493 3674 tueatur
511 3634 598 3683 arcus,
623 3626 651 3671 et
665 3617 691 3671 in
705 3615 864 3688 Apocalypsi
876 3616 987 3673 loannis
1001 3619 1096 3673 eodem
1147 3635 1210 3676 eum
1226 3619 1420 3674 llelebisedeelr
1434 3620 1552 3674 occurrit
1568 3620 1693 3675 Abrabae
1708 3619 1746 3675 lle
1762 3620 1860 3676 lumbis
1872 3636 1937 3676 sero

310 3709 415 3764 semiue
430 3705 481 3782 ipre
492 3706 591 3763 dieitur
605 3708 697 3778 (Apes.
713 3721 738 3760 rr
749 3716 773 3760 et
787 3706 827 3777 ι),
849 3707 901 3762 nisi
917 3708 944 3762 iu
965 3707 1055 3779 pluria
1068 3718 1096 3763 et
1147 3709 1351 3780 AbrabaeVirgo
1361 3709 1443 3764 llario
1458 3710 1533 3775 exiit,
1553 3711 1580 3764 in
1595 3710 1672 3779 cujus
1686 3719 1762 3765 utero
1776 3710 1936 3782 linigerritus

311 3803 333 3854 ia
348 3814 453 3871 aquosa
466 3799 537 3854 nube
547 3814 599 3852 norr
612 3806 701 3869 potest
716 3812 858 3866 apparere,
872 3798 1041 3854 diversorum
1051 3815 1097 3855 eo·
1148 3800 1240 3856 Patris
1258 3814 1308 3870 per
1320 3797 1450 3869 Spiritum
1461 3809 1585 3855 sanetum
1599 3800 1731 3854 incarnari
1743 3800 1871 3870 diguatus
1882 3810 1935 3867 est,

310 3889 395 3946 lorum
407 3896 436 3945 et
449 3889 703 3959 pulcherrimorum,
719 3896 747 3941 ct
765 3886 865 3942 sensim
885 3888 911 3942 in
928 3888 995 3943 alios
1010 3899 1097 3943 trans·
1147 3907 1179 3946 er
1193 3906 1246 3961 qua
1262 3891 1448 3945 incarnatione
1462 3891 1588 3946 uniuerso
1603 3891 1719 3945 innotuit
1738 3892 1838 3946 mundo
1853 3891 1935 3954 Deus,

310 3981 439 4038 euntium.
463 3977 511 4033 llic
524 3993 603 4032 arcus
623 3978 726 4047 signum
743 3983 784 4030 est
806 3975 955 4032 elenreutiae
969 3988 997 4032 et
1012 3986 1095 4033 testa·
1147 3984 1218 4038 sicut
1229 3991 1257 4037 et
1271 3997 1319 4051 per
1329 3981 1499 4036 Psalrnistam
1516 3981 1615 4038 dieitur
1631 3994 1640 4033 :
1656 4000 1665 4032 ι
1684 3981 1833 4052 accingere
1849 3980 1938 4051 gladio

311 4070 392 4126 menti
406 4068 465 4131 bet,
479 4069 550 4137 quod
565 4066 629 4121 lecit
642 4082 704 4121 eum
718 4065 872 4120 borrriuibus
884 4075 914 4120 ut
928 4068 1035 4135 quaudo
1051 4083 1097 4137 ap·
1147 4069 1742 4143 suocircalemurtuum,potentissimell'sal.
1753 4072 1838 4141 serr).
1849 4092 1859 4124 s
1871 4072 1936 4127 Gla·

311 4158 429 4229 paruerit
442 4157 468 4212 in
482 4156 563 4220 nube,
576 4155 693 4209 sciamus
707 4169 756 4207 uos
769 4155 914 4209 seeundum
928 4155 1097 4224 antiquitatis
1147 4164 1221 4218 dium
1243 4163 1342 4217 etenim
1364 4162 1435 4217 circs
1461 4162 1549 4217 [emm
1575 4164 1779 4232 potentissimus
1803 4165 1936 4234 suntquis,

311 4246 462 4316 exemplum
485 4258 653 4314 nequaquan!
678 4245 812 4315 petituros
842 4258 902 4300 esse
922 4244 1030 4299 diluvio.
1058 4246 1095 4299 Ex
1147 4254 1210 4323 qula
1224 4267 1313 4308 sermo
1326 4252 1526 4323 praedicationis
1538 4252 1610 4308 illius
1621 4267 1654 4307 ex
1671 4253 1857 4308 incarnatione
1874 4269 1939 4309 cop.

311 4352 361 4408 dl¹⁰
373 4335 525 4391 ⁰³l⁸¹¹tfi¹⁰l
538 4342 598 4402 90⁵²
612 4347 706 4403 l>⁰³¹¹²li
728 4343 809 4402 ³²d¹¹⁸
831 4333 971 4404 suillici-b
986 4343 1014 4389 ⁰¹
1031 4350 1095 4404 bill·
1148 4343 1239 4398 saluit.
1258 4342 1327 4409 Quid
1344 4357 1409 4397 uero
1425 4343 1476 4403 iste
1499 4343 1569 4414 iguis
1588 4343 1720 4413 designat,
1742 4344 1793 4399 nisi
1813 4345 1938 4399 ardorem

311 4427 444 4499 gatiouem
457 4435 639 4496 peccatorum,
654 4423 772 4479 laturam
790 4425 1017 4481 misericordiam:
1031 4428 1098 4481 dun-
1148 4434 1235 4489 sancti
1249 4433 1376 4503 Spiritus,
1392 4433 1438 4503 qui
1454 4434 1535 4488 eorda
1570 4449 1630 4503 quae
1644 4433 1786 4504 repleverit
1804 4434 1937 4500 accendit,

313 4525 385 4572 taxat
396 4517 423 4571 iu
439 4516 481 4572 bis
501 4516 547 4586 qui
563 4516 646 4570 Deum
660 4515 808 4570 meruerint
820 4515 911 4570 videre
927 4525 1095 4586 regnantem.
1148 4523 1181 4579 de
1191 4538 1244 4592 quo
1260 4524 1315 4593 ipsa
1330 4523 1437 4578 veritas
1451 4524 1534 4578 dicit:
1554 4524 1667 4595 rignum
1690 4526 1751 4579 veni
1776 4524 1885 4580 mittere
1907 4525 1935 4578 in

312 4606 386 4663 llude
406 4622 478 4662 nuuc
492 4606 611 4661 dieitur:
631 4623 640 4655 ι
655 4603 704 4659 llic
726 4614 786 4659 erat
801 4613 926 4674 aspectus
948 4605 1097 4675 splendoris
1149 4623 1248 4669 terram
1266 4613 1414 4685 (Lae.1rr).
1432 4634 1441 4666 s
1458 4615 1654 4684 Quidestergo
1667 4615 1739 4683 quod
1752 4613 1778 4666 iu
1797 4613 1849 4668 boe
1862 4627 1938 4683 aspa

311 4713 355 4768 ber
378 4714 507 4769 grimm-r
525 4696 578 4751 Pel·
599 4711 692 4767 ssl'lllm
716 4695 764 4750 Dei
782 4696 824 4751 iel
848 4698 953 4761 lhwnl,
975 4697 1015 4751 l'ssl
1037 4712 1096 4752 0¹¹¹·
1148 4714 1193 4760 eta
1216 4705 1353 4769 bominis,
1381 4704 1427 4773 qui
1454 4706 1593 4774 propbeta
1627 4702 1771 4773 apparuit,
1801 4717 1817 4756 a
1840 4701 1939 4756 lumbis

312 4790 401 4851 tillim,
420 4802 480 4858 (1¹¹ae
503 4794 642 4858 persidem
668 4793 739 4840 suut.
767 4784 824 4838 ‘El
843 4786 901 4840 llaec
915 4785 983 4840 visio
1005 4785 1096 4856 gloriis
1112 4775 1281 4863 Dsuperius,
1307 4792 1470 4845 intrinsecus
1482 4808 1531 4860 per
1553 4791 1695 4845 circuitum
1720 4790 1789 4859 ignis
1809 4790 1895 4853 ardet,
1921 4804 1938 4843 a

311 4878 492 4934 similitudinis
513 4878 595 4932 liei.»
622 4876 678 4931 Nou
705 4891 758 4946 spuo
783 4875 895 4943 gloriam
925 4876 1028 4932 Domini
1054 4878 1096 4931 si·
1147 4883 1245 4936 lumbis
1259 4881 1468 4940 verorleursuur,
1486 4896 1540 4934 uon
1555 4879 1625 4950 iguis
1643 4879 1821 4942 intrinsecus,
1844 4877 1937 4932 sedin

312 4970 396 5034 derit,
417 4968 465 5023 sed
485 4967 686 5022 similitudinem
709 4967 801 5036 gloria
821 4967 890 5037 ejus.
912 4968 985 5022 Visio
1006 4977 1095 5023 autem
1147 4973 1261 5029 circuitu
1289 4970 1448 5040 resplendet,
1473 4970 1522 5024 uisi
1544 4970 1617 5039 quod
1642 4978 1705 5025 aute
1724 4969 1937 5024 incarnationem

312 5060 398 5116 omnis
418 5059 476 5115 bae
500 5067 550 5113 est.
570 5056 685 5127 Spiritus
705 5057 814 5113 cler-ans
838 5069 864 5113 et
882 5060 966 5114 nubes
988 5074 1095 5129 magua,
1146 5063 1275 5133 unigeniti
1303 5060 1481 5129 redemptoris
1507 5060 1593 5114 nostri
1621 5059 1677 5116 sola
1708 5061 1780 5114 intra
1807 5058 1937 5113 solariata

312 5159 336 5207 et
360 5158 480 5221 quatuor
502 5149 638 5213 animalia,
660 5156 688 5204 ct
712 5156 778 5205 rotae
801 5150 925 5215 totidem,
953 5160 1096 5219 sequentes
1146 5155 1269 5211 ardorem
1295 5151 1396 5207 amaris
1420 5151 1479 5221 ejus
1498 5149 1611 5214 babuit,
1637 5158 1698 5219 post
1721 5148 1936 5203 incarnationem

312 5241 435 5297 animalia
463 5240 657 5310 etspiritum,
685 5253 744 5308 quae
774 5240 825 5294 sub
854 5240 1022 5296 nrnraneuro
1048 5243 1095 5297 Dei
1148 5262 1212 5303 sero
1229 5243 1619 5313 illiusineireuituejusiguis
1635 5240 1809 5312 resplenduit,
1831 5240 1937 5309 quiain

312 5346 369 5388 esse
390 5337 555 5385 meruerunt.
582 5328 647 5395 erre
674 5337 815 5398 postquam
837 5328 940 5384 eleuata
969 5340 1048 5395 sunt,
1068 5341 1096 5387 et
1148 5336 1383 5391 unir'ersomuudo
1401 5334 1527 5405 gentibus
1549 5333 1700 5392 claritatem
1717 5332 1804 5388 sancti
1819 5330 1938 5400 Spiritus

313 5422 456 5478 audierunt
475 5433 586 5482 rocem,
612 5419 687 5489 quasi
719 5433 848 5489 aquarum
882 5420 1043 5488 multarum,
1068 5431 1096 5476 et
1147 5425 1353 5482 clludithrius
1385 5440 1449 5496 crgo
1482 5426 1647 5480 intrinsecus
1681 5425 1750 5496 iguis
1775 5433 1854 5488 erat,
1888 5422 1936 5477 sed

313 5511 387 5582 qussi
406 5509 483 5564 verbi
508 5507 629 5563 sublimis
651 5506 710 5571 Dei,
726 5522 873 5577 Ὺθΰϋῐῐιιιιιῡ
895 5518 1045 5565 caslwrutn
1068 5520 1096 5565 ⁰2
1148 5517 1274 5587 splendor
1296 5532 1350 5571 non
1364 5524 1432 5581 erat,
1460 5517 1523 5585 qnia
1537 5515 1654 5587 Spiritus
1674 5523 1784 5570 sanetus
1805 5513 1831 5568 irr
1846 5511 1937 5568 multis

312 5602 461 5666 esmeitus,
480 5600 640 5655 diurisenmt
666 5598 738 5664 alas,
760 5608 788 5654 et
817 5607 953 5670 sluporcm
988 5603 1095 5658 silentio
1148 5606 1388 5675 quidernpartibus
1404 5604 1523 5660 lurlaeam
1539 5606 1668 5675 replebat,
1694 5606 1741 5660 sed
1757 5606 1789 5659 ad
1813 5604 1936 5658 notitiam

313 5694 541 5750 demonstrarunt.
561 5690 746 5761 Apparuitque
759 5692 856 5747 sedens
869 5708 949 5763 super
972 5694 1097 5749 similitu·
1149 5696 1268 5768 gentium
1294 5695 1407 5750 necdum
1423 5694 1481 5764 ejus
1501 5696 1589 5750 lumen
1612 5696 1770 5749 euris-uerat.
1795 5694 1818 5747 A
1838 5690 1938 5746 lumbis

313 5785 401 5841 dinem
426 5782 562 5854 sappbiri,
587 5782 665 5850 qnasi
690 5780 837 5837 similitudo
858 5782 1056 5853 bonriuis,qui
1082 5798 1096 5837 a
1150 5800 1214 5840 vcro
1231 5783 1290 5853 ejus
1313 5792 1340 5838 et
1367 5786 1492 5840 deorsum
1518 5784 1587 5852 iguis
1616 5782 1777 5838 incircuitu
1803 5780 1938 5850 splendet.

311 5875 409 5932 lambis
421 5889 503 5945 surpra
528 5872 643 5929 babebat
664 5873 781 5942 speciem
802 5872 905 5939 electri,
921 5883 948 5929 et
970 5890 985 5927 a
1001 5874 1098 5929 lumbis
1151 5878 1218 5945 Quia
1236 5886 1378 5948 postquam
1394 5878 1426 5932 de
1448 5877 1552 5945 virgine
1565 5889 1675 5930 earnem
1688 5873 1812 5941 sumpsit,
1842 5872 1869 5925 iu
1885 5871 1937 5924 bu-

312 5964 566 6037 morsumspeeiem
584 5963 834 6033 ignisiueireuitu.
856 5962 920 6019 Post
944 5978 1022 6033 quem
1045 5973 1098 6017 ten
1152 5982 1233 6022 mano
1258 5980 1355 6037 genere
1383 5966 1461 6034 lunge
1491 5967 1598 6035 lateque
1615 5963 1701 6019 saneti
1719 5961 1838 6032 Spiritus
1867 5963 1938 6018 dona
