4500 6842
361 650 410 709 itt
682 645 711 699 B.
732 642 860 699 diuidi
879 639 988 697 tlrttlitl
1007 637 1167 696 dociliter.
1187 638 1343 700 ttodtidt.
1360 639 1504 699 uuellest
1523 638 1613 696 rsus
1629 638 1661 694 ll.
1946 645 1996 702 {52

358 769 466 825 talitoto
484 780 537 821 non
558 769 626 818 erat
642 760 751 815 Etcum
768 755 820 812 illis
833 754 952 825 quidem,
975 760 1154 825 posteaquam
1168 750 1319 822 uinctam,
1333 750 1380 807 sed
1393 751 1485 806 animo
1499 748 1589 805 stabili
1606 746 1688 804 detlsi
1702 755 1731 804 et
1743 747 1895 806 clelestmnt
1909 767 2000 811 renum

357 853 549 925 sttrrexit,iuit
566 854 744 925 quadraginta
767 849 862 905 diebus
873 846 1041 902 exhibitione
1054 859 1152 915 corpo-
1203 842 1432 911 contemplatione
1460 839 1570 904 iirmatl,
1594 846 1706 894 manent
1726 854 1835 909 semper
1860 839 1999 913 impavidi.

357 952 422 1009 ralis
444 948 605 1023 praesentim,
632 944 678 1000 scd
701 957 752 997 nou
779 939 912 996 culmillis
937 937 988 992 iuit
1013 937 1152 993 consortio
1204 930 1257 997 Qvi
1269 932 1365 986 timetis
1383 931 1533 995 Dominum·
1554 929 1652 998 inquii,
1668 928 1770 993 audite,
1792 929 1819 985 id
1833 933 1945 1002 ostqm
1959 951 2000 990 re·

357 1041 525 1099 puppupmps
539 1038 674 1093 humanm.
1202 1024 1349 1080 verentiam
1359 1023 1466 1078 habetis
1479 1021 1596 1078 nominis
1615 1018 1834 1091 ejus3quiac1u's
1848 1024 1932 1078 uerba
1947 1043 2001 1083 nun

393 1128 530 1200 Quomodo
549 1142 652 1181 necesse
670 1134 706 1179 ert
733 1122 835 1192 impleri
860 1122 960 1185 omnio,
975 1136 1034 1191 pire
1052 1120 1151 1188 scripta
1202 1117 1547 1187 tuereturaudire,nisiqui
1559 1116 1732 1187 cognoscitur
1745 1124 1773 1172 et
1788 1117 2001 1176 timere.'iiruor

355 1233 415 1278 sunu
427 1223 454 1276 in
466 1220 520 1291 iepe
538 1216 622 1289 iiopni
633 1226 655 1270 rt
668 1214 809 1285 propinetis,
823 1222 846 1266 et
859 1210 968 1281 psalmis
978 1210 1010 1263 de
1020 1225 1070 1262 me.
1084 1209 1151 1264 Vide
1201 1218 1291 1265 autem
1306 1209 1410 1265 Domini
1421 1209 1484 1279 quoia
1493 1205 1584 1277 justus
1601 1217 1628 1261 ct
1648 1217 1738 1263 rectus
1751 1218 1806 1272 est,
1822 1211 1945 1267 auditune
1958 1229 2002 1268 re·

355 1311 490 1384 utromodo
505 1307 669 1363 tuiitonmes
680 1304 871 1374 ambiguitates
887 1320 894 1355 ε
909 1301 983 1355 visus
993 1307 1046 1364 est,
1061 1305 1151 1353 tactus
1201 1308 1420 1365 nouat,amorem
1433 1299 1672 1364 tribuit,ardorem
1684 1298 1825 1354 citaritatis
1839 1300 1999 1359 inflammat.

354 1412 405 1468 nst,
420 1398 608 1463 nnandueat·d;
624 1398 841 1466 ipsecertoerat.
858 1391 1044 1446 'lentennein
1058 1390 1150 1461 aliquo
1236 1392 1306 1446 Deus
1332 1391 1477 1455 duratum,
1500 1400 1523 1444 ut
1549 1390 1620 1443 Perta
1641 1388 1737 1455 ianoe,
1760 1401 1784 1444 et
1806 1390 1876 1447 Dour
1896 1392 1999 1459 inrui,

354 1508 451 1551 seusus
472 1490 605 1545 humanos
629 1486 782 1542 ludificasse
797 1484 944 1546 sileretur,
967 1482 1040 1535 misit
1053 1497 1150 1536 manus
1199 1481 1385 1551 Dcuspntrmn
1401 1491 1558 1535 nostrornm.
1576 1480 1685 1535 Poterat
1707 1482 1798 1538 dicere
1822 1482 1894 1538 Deus
1912 1484 2000 1540 ,tirra-

353 1587 387 1641 ud
403 1583 568 1654 Scripturas.
586 1580 681 1635 Dicant
702 1576 798 1647 pagani
821 1575 951 1645 tpttidtpttid
966 1573 1077 1627 sitiunt:
1094 1573 1149 1627 ilu-
1199 1573 1272 1634 lutum,
1289 1573 1374 1637 isaac,
1387 1573 1486 1637 lincoln
1504 1572 1550 1627 suti
1561 1582 1602 1628 ter
1615 1574 1736 1627 notuiunt
1750 1573 1833 1629 Derim
1847 1575 1998 1646 diluebam,

353 1691 403 1748 gns
415 1674 476 1740 tuit,
489 1672 576 1744 potuit
588 1685 617 1725 se
631 1669 669 1724 sic
682 1668 835 1723 ostendere.
858 1664 982 1733 Nunqnid
994 1678 1087 1733 nragtts
1100 1678 1149 1717 an·
1199 1664 1282 1720 lictum
1293 1666 1376 1729 isaac,
1387 1664 1607 1730 lienrnincoli,ut
1619 1674 1646 1719 tu
1659 1666 1791 1736 inteiligas
1801 1667 1909 1724 Putrem
1921 1670 2003 1726 ctFi-

353 1778 462 1837 tmpuum
476 1773 565 1828 natus,
579 1760 665 1831 potuit
686 1773 714 1813 sc
730 1756 769 1812 sic
781 1756 961 1826 prophetare?
976 1755 1041 1809 llate
1054 1751 1148 1824 Sirip·
1198 1755 1262 1809 lium
1274 1765 1301 1809 ct
1314 1755 1444 1825 Spiritum
1458 1763 1592 1818 sanetum,
1603 1764 1631 1809 ct
1645 1770 1679 1810 ue
1692 1756 1740 1811 tibi
1752 1758 1908 1813 scandalum
1920 1768 1998 1815 terrra

352 1867 438 1923 turns,
459 1854 523 1926 (prtia
546 1856 618 1923 qttod
644 1850 741 1905 uidetis
762 1857 825 1903 ante
841 1848 978 1916 prouisum
1002 1853 1054 1907 est,
1076 1845 1148 1915 qtrod
1197 1846 1245 1901 Ilei
1258 1847 1408 1901 nominatio
1426 1855 1569 1918 generaret
1583 1846 1668 1914 addit,
1690 1848 1762 1904 Deus
1774 1859 1880 1920 putrent
1893 1863 1999 1907 nostro-

351 1947 464 2003 eeruitis
478 1953 541 2000 ante
550 1941 708 2014 praedictum
720 1945 771 1993 est.
786 1937 866 2001 Audi,
878 1934 945 2004 iiiia,
962 1946 986 1990 ot
998 1934 1073 1998 uide,·
1084 1934 1146 1988 audi
1197 1952 1266 1991 rum.
1278 1936 1430 1993 Prudenter
1443 1937 1516 1993 enim
1532 1953 1664 2008 personas
1681 1938 1814 2008 distinxit,
1830 1949 1859 1997 et
1870 1950 1995 1998 naturam

351 2035 564 2111 [inscidendo
587 2030 731 2100 completa.
747 2027 820 2082 Tune
840 2026 939 2096 operuit
962 2025 1016 2078 illis
1041 2040 1147 2078 seruum
1199 2028 1297 2081 univit.

351 2142 378 2186 ut
401 2127 573 2199 intelligerent
589 2121 751 2193 Scripturas,
764 2130 787 2173 et
802 2116 868 2171 distr
885 2116 922 2170 eir
936 2132 944 2169 .·
959 2114 1096 2180 Quomodo
1111 2114 1149 2167 sic
1162 2113 1187 2172 Β
1235 2115 1397 2189 clarificante
1408 2117 1508 2173 Filium
1521 2118 1884 2177 spumiegpm‚010pppcapp
1895 2120 1994 2177 ripum

349 2220 476 2291 icriuittm
492 2225 540 2280 ⁶⁸²·
565 2223 589 2269 ti
602 2214 640 2267 ⁸⁵⁶
653 2209 786 2281 ⁰P⁰ii⁶⁶⁰²
801 2206 936 2262 chifilim
950 2206 1004 2275 poti
1017 2214 1040 2258 rt
1056 2219 1146 2257 'tilli-
1198 2225 1289 2276 suum,
1304 2212 1411 2281 quando
1422 2219 1483 2282 post
1497 2212 1726 2267 resurrectionem
1747 2212 1828 2268 nitriis
1840 2212 1994 2267 mirabilem

341 2305 559 2381 'porcomortuir
572 2303 615 2357 die
631 2301 717 2356 tertio.
734 2297 838 2352 Praebet
851 2311 880 2352 se
892 2296 1035 2349 uidendum
1049 2291 1145 2356 oculis,
1197 2302 1389 2359 popusmunffi
1414 2301 1601 2357 credulitatem
1626 2301 1697 2358 pens
1720 2318 1782 2358 eum
1808 2304 1836 2358 pn
1865 2317 1899 2358 ρο
1920 2303 1993 2374 qugd

350 2396 452 2469 prunoet
470 2393 595 2449 minibus
620 2388 854 2447 ⁰⁰⁰¹i⁰⁰i³¹¹d⁰¹¹¹·
878 2385 977 2440 Pilum
1003 2392 1061 2448 ⁰⁵²3
1079 2382 1147 2453 legis
1198 2398 1279 2454 hortm
1299 2397 1389 2453 iactus
1402 2398 1558 2453 esthabere
1571 2398 1715 2453 concessit.
1742 2394 1909 2453 Gloriitcauit
1929 2413 1993 2451 etttn

350 2492 547 2545 commemorat
570 2482 745 2551 Scripturas;
762 2486 789 2534 ⁰²
805 2480 856 2534 ¹¹0⁰
867 2491 963 2548 purum
981 2484 1023 2531 Pii
1039 2493 1045 2528 ³
1059 2474 1146 2545 iiiiii
1197 2487 1282 2560 gloria
1296 2487 1515 2552 resurrectionis,
1528 2486 1689 2558 glorificavit
1706 2487 1792 2557 gioria
1809 2488 1990 2552 ascensionis,

349 2595 460 2635 scttsttm
471 2575 578 2647 iiiquOd
590 2574 658 2645 legis
669 2573 813 2643 inteiligas.
822 2570 922 2625 Deinde
929 2568 1144 2624 commendatam
1195 2586 1223 2633 et
1235 2575 1395 2648 glorificavit
1407 2577 1492 2648 gloria
1504 2594 1559 2633 sugg
1570 2578 1671 2633 dexipae
1684 2578 1822 2634 sessionis.

352 2673 394 2727 sui
408 2670 532 2741 corporis
546 2668 701 2730 veritatem,
713 2662 885 2719 commendat
896 2660 1024 2717 Ecclesiae
1036 2660 1143 2714 unitati.
1232 2666 1315 2733 Quom
1326 2685 1371 2722 oon
1389 2668 1494 2739 quidem
1507 2668 1665 2723 tradidistis.
1679 2667 1750 2725 ilinc
1763 2672 1836 2725 enim
1851 2672 1991 2741 respondit

385 2762 418 2815 st
430 2758 572 2833 predicari
586 2758 614 2812 io
629 2756 733 2811 nomine
745 2755 803 2824 ejus
814 2753 996 2825 penitentium
1011 2752 1039 2805 iu
1051 2751 1144 2804 remis·
1195 2755 1297 2812 Pilatus
1313 2757 1427 2813 Domino
1446 2758 1539 2813 dicens
1554 2777 1560 2812 ς
1574 2758 1700 2829 Nunquid
1722 2776 1772 2831 ego
1782 2776 1841 2815 sum
1856 2759 1989 2817 Judaeus?

347 2855 447 2910 aionem
460 2859 627 2924 peccatorum
645 2848 672 2903 in
694 2862 781 2901 omues
795 2854 892 2916 pontes,
908 2842 1089 2915 incipientibus
1110 2841 1143 2896 ai
1194 2846 1268 2905 Gens
1281 2857 1325 2904 tua
1339 2859 1367 2904 et
1379 2849 1521 2918 pontificos
1535 2851 1706 2907 tradiderunt
1729 2853 1846 2908 lentilli.
1862 2853 1991 2909 Tradide-

349 2942 548 3015 Hierosolymis.
570 2939 629 2995 lton
647 2939 714 2994 iatct
738 2938 859 3009 prauitas
877 2935 1067 2991 hereticorum
1085 2951 1092 2987 :
1110 2935 1144 2989 do
1183 2950 1259 2995 -runt
1279 2941 1350 2995 enim
1366 2941 1508 2995 Peltuinum
1531 2943 1687 2998 sacerdotes
1704 2945 1907 3013 per-invidiam.
1924 2946 1990 3001 Tra·

348 3033 446 3106 nogotio
470 3042 526 3089 toto
553 3044 686 3088 terrarum
715 3030 782 3084 orie
819 3026 940 3082 Ecclesia
964 3025 1061 3081 diffusa
1088 3032 1141 3080 esi·
1194 3032 1262 3088 didit
1283 3032 1456 3102 semetipsum
1484 3032 1570 3087 Filius
1588 3048 1638 3103 pro
1663 3043 1757 3089 nostra
1771 3034 1927 3090 dilectione.
1950 3035 1989 3090 Ile

347 3129 448 3179 tlmnes
471 3131 565 3195 gentes
580 3120 683 3176 habent
708 3117 866 3174 Ecclesiam.
882 3115 1031 3172 Nemenos
1055 3114 1140 3180 iullat,
1215 3131 1274 3176 atre
1288 3121 1361 3177 enirn
1373 3122 1411 3176 ait
1421 3121 1566 3191 Apostolus
1582 3141 1589 3176 :
1610 3121 1662 3187 Qui
1677 3124 1783 3194 proprio
1796 3122 1867 3179 Filio
1882 3141 1990 3193 nonpe-

347 3216 406 3285 ipsa
426 3221 469 3269 est
486 3228 562 3277 uera,
576 3213 634 3282 ipsa
646 3221 689 3267 est
705 3209 853 3273 cntluoliea3
870 3208 953 3277 coepit
967 3207 1000 3262 ali
1010 3206 1140 3262 ilierusa·
1192 3212 1285 3283 percit,
1300 3214 1346 3267 red
1369 3230 1416 3284 pro
1432 3214 1505 3268 rioilo
1515 3214 1634 3269 omnibus
1655 3215 1764 3271 tradidit
1784 3231 1855 3272 eum.
1867 3217 1905 3271 lie
1920 3215 1989 3271 l'tttu

346 3306 410 3369 tun,
429 3302 594 3376 pervenitad
609 3316 668 3367 uos.
689 3310 716 3355 or
730 3301 765 3355 tot
777 3308 829 3364 esi,
840 3307 867 3353 ot
881 3299 935 3353 hic·
949 3297 1006 3354 don
1024 3297 1096 3352 enin
1111 3304 1142 3352 ut
1192 3315 1282 3361 nutem
1297 3322 1304 3360 ι
1320 3305 1373 3373 Qui
1385 3307 1476 3361 direxti
1491 3316 1515 3361 er
1530 3308 1639 3362 innotuit
1661 3310 1826 3379 serrnertpsnn
1840 3326 1888 3381 pro
1901 3311 1987 3365 note.

348 3402 401 3459 tuuc
411 3396 516 3453 ueniret
534 3395 596 3450 inde
616 3393 743 3449 discessit
759 3407 766 3445 ε
782 3392 875 3454 crevit,
889 3405 941 3444 non
956 3390 1092 3461 migrauit.
1106 3387 1141 3443 tu
1229 3396 1263 3451 Et
1285 3397 1399 3467 neporus
1413 3408 1473 3452 onte
1488 3397 1581 3467 sociem
1607 3398 1698 3465 Pilotr‘,
1711 3399 1841 3467 dieentes,
1857 3401 1989 3474 cmrtppe

349 3494 447 3549 merito
461 3491 501 3547 sic
524 3489 653 3560 scriptum
673 3496 716 3542 cst
735 3486 806 3540 iuter
818 3495 915 3540 caetera
928 3480 1141 3552 [lominicsepie-
1154 3456 1176 3518 C
1191 3486 1281 3554 telem,
1307 3503 1353 3541 noa
1372 3504 1423 3541 uon
1436 3487 1560 3542 linirentur
1583 3505 1667 3559 repent
1691 3490 1742 3546 oiri
1760 3490 1901 3547 Curarem
1929 3492 1989 3549 Nor

347 3583 413 3644 totis
430 3589 609 3645 sacramenta,
628 3580 712 3634 etsie
735 3575 877 3647 oportebat
892 3583 921 3628 ut
944 3572 1061 3628 ministri
1082 3587 1140 3627 ser-
1191 3576 1273 3649 iepem
1298 3578 1423 3632 liniemus
1447 3587 1471 3631 et
1491 3578 1634 3632 secundum
1645 3579 1808 3651 kpenrdeiet
1832 3583 1900 3637 mori
1925 3586 1989 3655 puio

348 3675 436 3732 innuis
450 3675 496 3746 qui
511 3674 538 3729 in
563 3672 671 3728 nomine
693 3670 794 3726 Christi
809 3665 933 3723 crucifixi
943 3674 971 3720 ει
986 3664 1140 3720 resuscitati
1192 3666 1293 3723 Filium
1304 3668 1353 3723 liei
1366 3686 1394 3723 se
1407 3668 1479 3740 [ecit.
1515 3713 1519 3724 .

346 3785 362 3828 o
376 3767 492 3824 mortuis
504 3764 691 3836 peonitentiam
699 3770 811 3817 erantet
819 3759 1003 3816 remissionem
1014 3768 1141 3829 peccato·
1226 3757 1368 3814 ludicente
1380 3759 1426 3814 iilo
1437 3760 1543 3815 dimitti.
1559 3759 1708 3827 Quaerriot,
1725 3762 1798 3818 enim
1811 3762 1849 3819 ait
1862 3763 1991 3835 Evange-

347 3875 407 3917 rum
429 3859 458 3914 iu
472 3869 567 3914 omues
588 3864 682 3928 gentes
694 3851 877 3923 praedicaturi,
894 3850 927 3904 ab
947 3847 1142 3920 Hierosolymis
1193 3848 1270 3915 lium,
1301 3848 1404 3904 Pilutus
1430 3851 1648 3920 opportunitatem
1672 3861 1701 3905 ut
1725 3852 1866 3918 dimitteret
1877 3853 1987 3919 ieram,

346 3952 506 4025 inciperent.
526 3947 586 4004 Non
600 3948 689 4004 solum
703 3945 767 4016 qttia
777 3944 880 3999 credita
893 3949 957 3997 suut
971 3941 1025 3997 illis
1035 3940 1141 4009 eloquia
1191 3940 1303 3994 dicens:
1321 3940 1376 4010 lipo
1390 3957 1441 3994 nour
1465 3942 1567 3997 triturato
1583 3943 1611 3996 in
1629 3960 1659 3997 eo
1673 3960 1801 4008 courum:
1828 3944 1876 3999 sed
1898 3960 1989 4015 neque

346 4041 463 4107 liernini,
481 4039 545 4115 quoia
558 4053 652 4095 eorum
672 4035 781 4106 adoptio
802 4042 844 4089 est
859 4033 986 4096 liliorum,
1005 4040 1033 4086 et
1043 4030 1139 4102 gloria,
1191 4030 1322 4085 licroles.
1339 4030 1441 4085 Pilatus
1464 4032 1547 4086 mittit
1560 4031 1593 4086 ad
1621 4032 1772 4100 llerodem;
1798 4034 1922 4091 llerodes
1946 4052 1990 4092 re-

343 4142 370 4192 et
384 4141 562 4196 testamenta,
575 4139 602 4185 et
616 4127 758 4198 legislatio,
773 4124 969 4195 etohsequium
980 4132 1007 4177 et
1021 4122 1141 4193 promis·
1191 4122 1275 4177 mittit
1300 4122 1334 4175 ad
1354 4121 1480 4176 Pilatum.
1503 4123 1576 4179 luter
1597 4126 1665 4179 duas
1684 4125 1837 4194 irripiezates
1856 4126 1989 4184 discurrit

344 4222 572 4292 succinentem
588 4226 679 4290 patres
696 4225 724 4270 et
741 4231 774 4270 er
787 4216 829 4269 his
843 4214 968 4269 Christus
991 4211 1141 4267 secundum
1190 4214 1288 4285 pietas,
1304 4220 1331 4267 et
1352 4220 1442 4267 minen
1467 4213 1593 4283 impietas
1606 4215 1734 4285 pietatem
1754 4232 1808 4272 non
1823 4226 1991 4288 potestcon·

344 4327 456 4369 curnem
467 4309 512 4379 qrri
531 4316 573 4364 est
591 4322 672 4377 super
685 4306 777 4359 omma
790 4304 862 4359 Deus
875 4304 1032 4358 benedictus
1051 4304 1077 4358 in
1091 4318 1140 4358 sae·
1190 4306 1320 4361 denudare
1334 4318 1342 4358 τ
1355 4317 1474 4373 praesens
1487 4314 1529 4359 est
1542 4321 1615 4370 rous,
1624 4316 1652 4361 et
1664 4321 1715 4361 uon
1731 4307 1869 4363 invertitur
1883 4319 1986 4366 reatus.

344 4399 418 4464 eula,
432 4395 617 4453 verumetiam
632 4402 766 4465 uigentes
778 4407 839 4463 quoe
851 4392 934 4447 uariis
949 4401 1027 4446 erant
1039 4393 1142 4446 erroti-
1190 4396 1353 4451 Tradidistis
1365 4396 1431 4450 mihi
1446 4396 1520 4452 hurle
1541 4397 1689 4463 hominem,
1705 4399 1802 4469 iniquit,
1817 4401 1896 4470 quasi
1914 4416 1990 4457 aner·

345 4492 395 4550 irus
409 4497 436 4544 et
458 4486 625 4542 iecinoribus
642 4482 797 4554 implicatae,
824 4483 875 4538 lroc
899 4483 1018 4537 manime
1043 4482 1141 4537 diuinae
1172 4495 1292 4542 tentem
1307 4487 1447 4557 pupulum,
1463 4494 1492 4541 et
1515 4501 1580 4541 cece
1605 4503 1697 4543 coram
1713 4489 1789 4545 uobis
1813 4491 1989 4562 interrogans

344 4580 454 4653 pletatis
462 4576 594 4648 judicium
609 4575 643 4629 ad
661 4588 736 4644 spem
751 4572 927 4642 impetranda·
942 4572 1028 4627 ueniae
1042 4586 1140 4641 prouo-
1190 4575 1291 4631 nullam
1308 4576 1415 4631 inuenio
1430 4576 1457 4631 in
1473 4590 1506 4632 eo
1520 4593 1630 4633 calisam
1645 4579 1671 4633 in
1685 4579 1728 4635 luis
1740 4581 1840 4650 quibus
1859 4597 1924 4639 euur
1944 4599 1990 4640 ac-

343 4678 429 4727 curet.
444 4666 522 4737 Quod
536 4666 576 4722 eis
586 4679 694 4736 quoque
704 4664 749 4733 qui
765 4662 862 4717 Filium
874 4661 921 4717 Dei
933 4661 1138 4727 crucifixerunt,
1190 4668 1302 4725 cusatis.
1318 4669 1414 4725 llicitis
1425 4672 1497 4740 quod
1511 4673 1650 4743 praecipiat
1662 4674 1763 4730 tributa
1777 4690 1832 4730 nou
1846 4676 1914 4732 solui
1928 4677 1989 4734 Cae-

344 4778 398 4819 nou
413 4770 517 4817 tantum
535 4759 641 4813 reniam
655 4764 747 4811 reatus
757 4771 772 4810 a
782 4753 872 4820 Patre,
885 4754 933 4809 sed
943 4761 970 4807 et
985 4753 1047 4808 vito
1060 4761 1140 4808 mter·
1192 4760 1245 4814 sori
1263 4776 1270 4813 :
1285 4761 1459 4829 comprobavi
1474 4760 1571 4816 laisum
1583 4763 1725 4832 essequod
1737 4762 1866 4832 objicitis.
1884 4765 1990 4824 llooero

344 4870 387 4910 me
397 4852 524 4924 gaudium
537 4851 659 4905 uiderent
674 4863 735 4903 esso
746 4848 889 4912 donutum;
906 4845 968 4915 quia
983 4845 1139 4900 misericors
1193 4854 1265 4907 lrune
1286 4862 1380 4906 comra
1402 4852 1487 4923 legem
1515 4854 1627 4909 dicitis:
1643 4854 1753 4924 probaui
1774 4869 1837 4910 eum
1857 4871 1912 4911 non
1942 4859 1990 4914 de-

344 4953 372 5000 et
390 4944 536 5001 miserator
549 4950 590 4996 est
605 4941 744 5004 Dominus,
758 4939 863 5008 potiens
878 4946 907 4991 et
930 4936 1043 5002 nudtuur
1058 4936 1138 4989 mise-
1192 4952 1298 4997 struere
1320 4942 1406 5014 legem
1422 4942 1468 4996 sed
1484 4943 1606 5011 implere.
1620 4941 1716 4998 Omnia
1734 4959 1794 5012 quae
1807 4942 1949 5011 olp‘ecistis
1962 4948 1989 5002 in

344 5036 442 5098 deors,
467 5032 512 5102 qui
535 5030 593 5086 tuit
609 5045 702 5085 otnttes
724 5030 848 5085 hominiis
869 5027 958 5083 saluos
971 5041 1042 5091 0⁵⁵⁰,
1065 5035 1093 5080 ei
1104 5029 1138 5081 all
1191 5037 1327 5091 diuersum
1341 5036 1448 5089 inuenta
1462 5045 1536 5090 sum.
1552 5035 1586 5090 Et
1599 5035 1706 5105 petistis
1720 5036 1808 5090 uirum
1822 5036 1990 5094 iroruicidam

345 5128 510 5203 agnitionem
523 5126 645 5180 veritatis
657 5125 807 5193 peruenire,
821 5124 862 5179 cui
878 5129 919 5176 est
939 5122 1067 5176 horreret
1081 5119 1138 5191 gio·
1191 5129 1285 5183 dourad
1299 5128 1385 5181 votus,
1407 5127 1472 5181 Erat
1485 5138 1583 5194 aurem,
1600 5129 1639 5183 air
1650 5128 1840 5200 Evangelium,
1855 5130 1903 5201 qm·
1915 5131 1990 5186 dja.

345 5222 387 5280 ria
401 5222 428 5278 in
443 5220 541 5277 seculo
552 5217 723 5275 saeculorum.
738 5218 833 5272 dmen.
1191 5220 1267 5274 iutrrr
1281 5219 1417 5274 Paralios
1431 5221 1542 5285 uirtutes,
1557 5222 1602 5292 qui
1625 5221 1652 5275 in
1675 5221 1802 5276 reditione
1824 5221 1924 5291 [comm
1938 5224 1988 5278 lto·

619 5328 670 5386 p10
678 5328 701 5382 pp
710 5328 718 5381 p
727 5326 791 5383 ΗΛ
811 5327 861 5381 ιχ,
1194 5315 1334 5368 micidium.
1348 5313 1485 5369 Bmablms
1497 5314 1568 5368 enim
1581 5313 1653 5383 tilius
1665 5314 1749 5383 putris
1761 5314 1844 5368 nostri
1855 5314 1993 5386 interpre-

675 5413 753 5454 tttttt
772 5414 807 5452 tt·
1194 5416 1277 5472 tutum
1301 5406 1435 5476 siguificat
1455 5406 1603 5471 diabolum,
1618 5406 1663 5475 quui
1676 5405 1777 5461 multas
1797 5406 1948 5462 seditiones
1959 5407 1986 5464 itt

522 5493 614 5548 Lectio
638 5490 753 5545 lictuum
770 5491 962 5559 apostolorum.
1191 5503 1248 5550 toto
1261 5495 1381 5550 eoncitat
1394 5495 1470 5560 orbe,
1482 5504 1509 5549 et
1525 5496 1671 5551 homicidia
1685 5495 1790 5551 seilicet
1800 5503 1828 5551 et
1837 5495 1986 5562 adulteria,

380 5584 515 5640 ludicius
528 5584 581 5638 iilis
593 5600 602 5637 .·
614 5582 738 5653 Aperiens
752 5579 847 5636 Petrus
860 5599 888 5636 or
899 5599 976 5636 ouum
988 5582 1056 5636 dieii
1066 5596 1074 5633 :
1083 5579 1138 5634 tiri
1189 5596 1217 5642 en
1231 5587 1321 5643 omnia
1335 5588 1462 5653 crimina,
1483 5588 1529 5659 quui
1541 5588 1634 5642 statim
1647 5597 1677 5643 ut
1692 5574 1772 5644 leons
1784 5587 1933 5645 crucifixus
1943 5598 1988 5645 est

343 5676 476 5734 israeliten
486 5687 510 5732 et
525 5678 569 5749 qui
583 5676 677 5729 timetis
695 5675 846 5741 Dominum,
862 5675 962 5741 erudite,
974 5684 1027 5731 ειε.
1188 5676 1325 5734 Burabbas
1341 5678 1393 5731 iste
1405 5678 1532 5732 diutissus
1546 5677 1660 5732 suiiocut
1676 5677 1803 5749 populum
1815 5675 1984 5733 iudaeomm.

381 5767 534 5825 Notandum
548 5768 619 5839 quod
638 5766 711 5822 uiros
726 5766 759 5820 de
775 5780 873 5835 genere
886 5765 980 5832 lsrael,
995 5775 1022 5821 et
1042 5766 1139 5822 tirucn-
1225 5769 1363 5821 ductorem
1378 5783 1438 5820 uero
1453 5767 1511 5821 uitro
1521 5767 1697 5837 interfecistis,
1710 5775 1763 5823 etc.
1775 5767 1852 5822 illurn
1863 5767 1911 5837 qui
1927 5767 1988 5835 pio·

346 5866 388 5915 tes
407 5859 554 5916 {lotuiuum
568 5859 602 5914 ad
620 5855 781 5913 audiendum
801 5857 906 5912 iiomini
925 5867 1053 5928 provooat
1074 5874 1141 5912 ver·
1188 5858 1280 5911 amnuit
1294 5858 1423 5910 dominum
1437 5856 1470 5911 de
1483 5856 1546 5910 limo
1561 5867 1637 5911 terroe
1654 5867 1678 5912 et
1692 5858 1827 5928 inspirarit
1843 5858 1872 5911 in
1889 5857 1988 5927 sociem

347 5948 425 6005 butri.
442 5948 499 6006 tltn
524 5949 597 6007 enim
628 5948 755 6004 dicuntur
782 5962 797 6002 a
818 5947 929 6013 viribus,
948 5947 994 6017 rpd
1013 5948 1138 6002 nesciunt
1188 5948 1246 6019 rjus
1256 5947 1416 6019 spiraculum
1435 5949 1540 6013 uitae,et
1555 5947 1642 6017 portur
1658 5958 1697 6002 ert
1719 5947 1797 6002 domo
1818 5948 1846 6001 irr
1865 5950 1989 6004 orrirrrunt

345 6037 485 6101 mterando
498 6042 622 6109 deiicere,
637 6050 682 6097 aaut
696 6042 724 6096 in
735 6040 873 6112 prosperis
883 6037 1137 6109 aliquasceiatiotm
1188 6039 1323 6095 virentem.
1336 6038 1412 6094 illurn
1425 6038 1473 6122 (ψ
1483 6038 1569 6097 dixit:
1584 6038 1642 6110 Epo
1652 6055 1709 6095 rem
1725 6039 1775 6103 do,
1791 6049 1815 6095 et
1838 6041 1938 6097 ocritoa
1960 6048 1989 6098 st
