4500 6842
245 632 299 689 993
726 624 904 682 babitaret.
924 624 958 681 tn
980 625 1206 686 EOECHIELEM.
1227 656 1261 670 --
1279 627 1343 683 Lib.
1365 626 1446 683 xt'lt.
1831 632 1883 688 aet

242 749 271 794 ει
282 733 391 793 ιειιιιιιιί
405 733 501 788 liumus
507 730 587 799 hujus
597 741 691 788 sancta
702 744 859 792 sanctarum
870 743 944 793 surtt.
957 734 985 790 ln
997 735 1040 790 ttta
1055 747 1080 806 Α
1095 738 1203 793 mudum
1217 738 1263 793 lilii
1272 738 1374 793 hahens
1382 738 1409 793 iu
1420 745 1532 807 aspectu
1542 737 1685 809 plurimam
1692 751 1861 798 venustatem
1873 756 1882 799 ι’

242 828 336 890 ιιοιιιο,
352 825 406 879 huc
422 831 474 888 est,
498 824 525 877 iu
546 823 721 879 tabernaculo
738 826 811 895 quod
826 826 974 881 fabricatus
995 834 1039 882 εει
1089 842 1149 896 quae
1163 827 1285 883 dehrrttiu
1306 829 1363 883 sive
1379 830 1453 900 gisus
1474 841 1523 897 per
1536 828 1680 884 circuitum
1704 830 1787 900 palmi
1801 833 1883 889 uratur

241 920 362 991 Moyses,
379 926 406 972 ει
418 917 446 971 ia
460 915 560 985 templu
576 916 648 985 quud
663 916 837 973 aSaiumune
851 928 1038 973 εειιειιιιειιιιιι
1088 918 1145 973 sive
1158 919 1299 980 πὼιστῐκ
1319 920 1460 978 latitudine
1486 924 1656 980 tendebatur.
1681 925 1769 981 Fovea
1791 936 1882 982 autem

242 1008 432 1068 cst.ioteriora
445 1004 860 1071 tantum,ubierautclrerubitn,
874 1006 1038 1089 etprupitia-
1088 1008 1182 1063 altaris
1205 1009 1263 1065 sive
1282 1011 1445 1080 protundum
1464 1024 1492 1070 et
1508 1015 1631 1081 altitudo,
1646 1033 1696 1087 pru
1715 1033 1768 1087 qvia
1786 1019 1813 1073 in
1833 1019 1884 1074 llo·

241 1105 343 1158 torrium
357 1109 386 1156 ει
397 1115 461 1156 area
474 1099 627 1154 testamenti
641 1107 669 1154 et
688 1115 781 1155 mensa
794 1100 977 1171 thymiamatis
989 1115 1037 1170 ap-
1087 1097 1181 1155 braico
1192 1098 1302 1168 ponitur
1314 1100 1375 1171 golt,
1393 1103 1426 1156 de
1439 1104 1500 1158 sinu
1517 1114 1594 1162 terrac
1607 1122 1692 1176 usque
1711 1109 1746 1164 ad
1768 1110 1883 1180 crepidi·

241 1196 416 1268 pellabantur
434 1200 527 1248 uncta
547 1199 714 1247 sarrcturum.
728 1191 756 1245 ln
772 1192 823 1247 hac
839 1201 930 1245 autem
945 1192 1037 1258 «loma,
1088 1208 1151 1249 uem
1163 1195 1350 1260 rorissimam,
1363 1196 1404 1251 ιει
1417 1201 1546 1266 usquead
1564 1201 1778 1269 propitiatorium
1796 1203 1883 1257 araxi·

240 1302 303 1359 unae
342 1293 511 1340 monstratur
542 1282 695 1348 Ezechieli,
720 1291 748 1338 ει
780 1298 840 1352 quae
868 1282 895 1336 in
925 1282 1038 1337 sumrui·
1088 1298 1172 1347 mum,
1195 1285 1300 1357 duobus
1323 1286 1423 1341 cubitis
1438 1296 1507 1342 erat.
1533 1287 1567 1343 Et
1593 1289 1706 1345 latitudo
1723 1289 1781 1359 ejus
1797 1291 1882 1348 cubili

242 1388 300 1433 tate
325 1376 425 1432 trientis
454 1384 497 1431 est
522 1374 690 1439 constituta,
718 1389 812 1430 omnes
839 1374 947 1429 termini
977 1375 1037 1444 ejas
1087 1372 1406 1430 uuiuslnieriuraeuim
1423 1376 1594 1446 etprolunda
1609 1381 1882 1435 ulterraeoharen·

241 1476 404 1539 reputantur
419 1468 446 1521 io
470 1475 563 1523 saneta
578 1476 744 1522 sanctorum.
758 1466 890 1535 Quodque
910 1465 1035 1532 insertur,
1088 1462 1124 1518 tia
1138 1463 1209 1518 duali
1224 1480 1347 1530 numero,
1363 1468 1408 1535 quii
1420 1475 1449 1523 ει
1459 1469 1485 1520 in
1504 1467 1650 1523 immundis
1662 1469 1823 1524 animalibus
1833 1484 1882 1540 pu-

243 1581 254 1614 ι
271 1560 337 1616 lice
356 1568 398 1616 εει
409 1559 452 1614 lex
464 1559 571 1624 doinus,
587 1578 596 1611 ι
611 1558 653 1613 rel
665 1558 699 1613 ad
712 1556 848 1628 praeterita
861 1557 990 1627 pertinet,
1003 1557 1036 1612 dc
1086 1555 1156 1611 situs
1175 1563 1217 1610 est
1238 1557 1422 1612 continentur.
1438 1556 1584 1627 Superiora
1608 1568 1698 1613 autem
1717 1567 1745 1614 et
1767 1560 1800 1614 ad
1823 1577 1882 1616 ero·

240 1654 341 1724 quibus
355 1651 412 1721 jam
427 1650 529 1706 dietam
544 1658 597 1715 est,
612 1649 655 1705 vel
667 1649 702 1704 ad
717 1664 750 1705 ea
769 1664 829 1719 quae
844 1648 959 1704 dicenda
973 1655 1036 1703 ειιιιι
1086 1645 1204 1714 pidinem
1239 1646 1297 1702 sive
1326 1648 1543 1718 propitiatorium
1569 1649 1779 1719 pervenientia,
1809 1650 1881 1719 quud

242 1753 350 1814 pogen,
1094 1732 1237 1789 iheudotio
1253 1736 1312 1807 ipso
1329 1735 1464 1792 Hebraico
1485 1739 1594 1794 nomine
1620 1738 1764 1809 appedarit
1787 1757 1879 1807 naara,

279 1849 291 1884 ι
312 1833 374 1888 istae
384 1839 474 1888 autem
487 1844 621 1886 mensurae
635 1827 728 1884 altaris
739 1828 767 1883 in
777 1828 868 1883 cubito
881 1827 1035 1892 verissimo,
1086 1824 1166 1880 unius
1180 1824 1264 1880 cubiti
1290 1826 1390 1882 habent
1413 1827 1593 1893 latitudinem,
1606 1839 1635 1883 ut
1653 1828 1741 1885 dualis
1752 1844 1881 1886 numurus

243 1943 256 1977 r
275 1925 324 1996 qui
340 1923 627 1979 habehatcubitanret
639 1921 770 1989 palmam.
788 1921 819 1976 lo
833 1921 964 1990 sinucjus
977 1930 1036 1977 erat
1087 1925 1207 1974 trarneal
1227 1919 1262 1973 ad
1281 1919 1431 1975 solitarium
1455 1931 1484 1977 et
1511 1924 1610 1979 honum
1633 1926 1788 1995 nuptiarum
1808 1926 1881 1995 quod

243 2032 256 2067 r
276 2015 395 2077 cubitus,
411 2021 441 2069 ot
450 2012 558 2069 cubitus
568 2012 596 2067 ia
611 2011 768 2076 latitudine,
779 2019 807 2066 et
819 2011 939 2067 delinitio
949 2025 1036 2080 usqae
1086 2008 1200 2065 iniurius
1212 2010 1298 2064 estad
1318 2011 1427 2067 unionis
1440 2016 1581 2082 proveniat
1594 2015 1799 2073 beatitudinem.

243 2123 256 2158 r
277 2106 313 2160 ad
325 2104 428 2161 labium
441 2103 512 2174 ειιιε,
526 2104 553 2159 iu
568 2103 682 2158 circuitu
694 2102 776 2173 palmi
789 2102 879 2158 unius.
894 2101 957 2157 llaec
968 2117 1037 2172 (ιιιο-
1051 2092 1075 2152 B
1123 2097 1225 2173 (Gurg.)
1248 2100 1340 2156 Potest
1351 2118 1416 2173 ergo
1428 2105 1455 2158 in
1471 2104 1543 2161 iussa
1563 2106 1657 2163 altaris
1672 2108 1757 2163 virtus
1773 2109 1880 2180 patien-

243 2212 255 2247 ι
277 2209 332 2265 que
347 2202 405 2250 erat
421 2191 494 2249 fossa
509 2192 611 2248 altaris.
626 2192 659 2249 Et
678 2192 712 2248 de
726 2195 786 2247 sinu
810 2200 889 2248 terrae
902 2207 989 2261 risque
1002 2192 1036 2247 ad
1089 2190 1144 2257 ttae,
1158 2206 1218 2260 ipcae
1229 2190 1323 2246 melior
1339 2202 1382 2248 est
1395 2197 1562 2266 artugaratia,
1576 2197 1698 2268 intelligi.
1723 2198 1799 2253 Unde
1812 2198 1880 2253 scri·

242 2281 442 2353 rempidinem
463 2281 637 2337 novissimam
668 2281 721 2337 duo
747 2281 842 2347 cubiti,
867 2290 896 2337 et
923 2282 1036 2338 latitudo
1088 2288 1164 2349 mum
1184 2290 1228 2336 est
1249 2300 1255 2336 :
1276 2300 1286 2334 ι
1310 2283 1404 2338 Melior
1425 2294 1467 2340 est
1488 2287 1594 2353 patiens
1616 2299 1760 2358 arrogante
1782 2288 1877 2359 (Eccll.

243 2390 255 2426 ι
278 2374 364 2430 cubiti
377 2374 472 2440 unium
485 2381 541 2429 eta
555 2372 695 2443 crepidine
711 2372 810 2427 minori
824 2387 909 2442 usquo
922 2373 957 2427 ad
977 2388 1037 2428 ere-
1087 2371 1147 2444 vn).
1168 2392 1178 2425 ι
1196 2371 1264 2439 Quia
1287 2374 1411 2429 videlicut
1432 2376 1513 2445 elegit
1534 2377 1638 2445 patiens
1661 2378 1788 2446 qualibel
1808 2380 1880 2435 nrala

242 2480 255 2515 ι
278 2463 396 2534 pidirrem
414 2461 545 2533 majorem
557 2470 676 2534 qumuur
684 2462 780 2528 cubiti,
793 2470 822 2517 ct
832 2462 946 2519 latitudo
957 2464 1037 2521 unius
1086 2461 1190 2529 perpeti
1205 2476 1286 2531 quam
1302 2477 1351 2531 per
1364 2464 1555 2520 ostentationis
1568 2465 1662 2520 vitium
1677 2467 1748 2521 bona
1769 2482 1817 2521 sua
1830 2482 1879 2523 uo-

243 2569 257 2605 ι
277 2553 374 2609 cubiti.
387 2551 447 2623 lpse
464 2563 555 2610 autem
569 2552 643 2609 driel
654 2562 772 2623 quatrror
782 2553 951 2620 cubituruum
964 2562 993 2610 et
1001 2556 1036 2610 ab
1086 2549 1159 2605 culta
1173 2552 1292 2623 agnosci.
1308 2552 1343 2606 ht
1364 2561 1459 2607 contra
1475 2552 1556 2625 elegit
1570 2569 1701 2626 arrogans
1714 2556 1784 2612 buna
1796 2558 1830 2613 dc
1849 2573 1879 2616 se

245 2661 258 2695 r
276 2642 452 2712 dulciusque
475 2642 510 2698 ad
532 2658 639 2698 sursunt
661 2657 764 2698 curnua
778 2651 903 2713 quatuor.
917 2644 952 2698 Et
962 2643 1036 2700 driel
1087 2642 1130 2696 rel
1141 2641 1207 2698 falsu
1216 2644 1327 2713 jactari,
1345 2660 1378 2699 nc
1394 2645 1463 2699 mala
1480 2645 1566 2715 possit
1583 2646 1625 2701 vei
1637 2647 1747 2703 ntinima
1763 2650 1877 2719 perpeti.

242 2750 255 2785 ι
277 2733 420 2789 duodecim
435 2733 587 2789 cubiturum
604 2734 631 2788 in
644 2733 812 2804 lungitudine
830 2748 881 2803 per
893 2734 1036 2797 duodecim
1087 2733 1155 2801 Quia
1167 2734 1250 2803 igitur
1277 2751 1339 2790 cum
1361 2735 1491 2805 patientia
1512 2737 1683 2808 relinquitur,
1699 2740 1781 2794 etiam
1806 2741 1878 2795 buna

244 2844 257 2877 r
277 2824 384 2879 cubitus
399 2823 560 2891 lalitudinis,
572 2823 785 2894 qiradrangutum
797 2824 882 2893 renuis
894 2823 1034 2879 lateribus.
1087 2826 1189 2895 reliqua
1216 2841 1276 2896 urin
1298 2827 1355 2896 jam
1376 2837 1453 2898 gesta
1466 2837 1530 2884 ειιιιι
1544 2831 1735 2895 destruuntur,
1751 2839 1824 2886 recte
1844 2832 1879 2887 ad

242 2933 257 2969 r
279 2914 316 2969 Et
336 2915 447 2984 crepido
459 2914 664 2984 quatuordeeim
687 2914 840 2969 erubiturum
860 2914 1036 2985 longitudinis
1086 2916 1255 2972 Ezechielem
1272 2919 1300 2972 iu
1314 2915 1400 2974 altare
1420 2920 1467 2974 Dei
1482 2920 1540 2975 lieri
1565 2920 1637 2976 iussa
1660 2922 1829 2993 precipitun
1847 2931 1879 2978 ut
1903 2955 1908 2964 ·

241 3024 254 3057 r
277 3018 327 3076 por
339 3004 544 3075 qrratuurdociia
567 3004 673 3060 cubitus
693 3003 843 3058 latitudiuis
869 3004 897 3058 in
919 3011 1036 3073 quatuor
1086 3008 1157 3064 inea
1176 3010 1302 3066 videlicet
1316 3011 1485 3081 superposita
1499 3010 1656 3067 holocausta
1678 3020 1828 3067 serventur.
1848 3012 1878 3068 Si

243 3112 256 3145 ι
279 3094 386 3165 angulis
402 3093 479 3164 ejus,
499 3099 529 3149 el
544 3106 644 3148 cortina
664 3093 691 3146 in
715 3092 831 3147 circuilu
846 3090 917 3147 illius
931 3093 1036 3148 tiitttidii
1086 3099 1198 3156 euivnin
1219 3100 1296 3155 altari
1314 3100 1387 3156 [ossa
1401 3117 1454 3157 pon
1469 3112 1551 3168 esset,
1567 3117 1647 3157 omne
1663 3103 1775 3173 qundip
1793 3118 1880 3159 gosp.

241 3204 254 3237 r
278 3184 378 3250 orbiti,
394 3195 422 3241 et
441 3186 517 3240 sinus
532 3182 591 3252 eius
611 3184 691 3238 uilius
716 3183 799 3238 cubiti
821 3183 1033 3253 percircuitum.
1085 3190 1218 3246 orificium
1236 3192 1377 3261 reperiret,
1404 3195 1596 3263 superveniens
1615 3210 1680 3248 aura
1701 3194 1877 3266 dispergeret.

195 3348 210 3359 ·
242 3277 385 3335 «Gradus
399 3287 487 3335 autem
499 3278 558 3348 ejus
571 3279 641 3333 versi
655 3278 689 3331 ad
708 3278 851 3332 orientem.
869 3297 879 3331 ι
898 3278 1034 3348 Scriptum
1086 3282 1156 3349 Quid
1175 3298 1240 3338 vero
1270 3283 1417 3353 accipimus
1436 3283 1521 3339 altare
1539 3284 1661 3349 Domini,
1681 3286 1732 3341 nisi
1757 3287 1877 3342 aniiuam

238 3384 286 3430 εει
309 3392 318 3428 r
341 3392 351 3426 ι
370 3374 506 3445 dhyseum
531 3382 559 3429 et
583 3374 744 3443 sapientiam
775 3373 836 3442 quis
861 3373 1035 3445 investigabit
1085 3371 1171 3442 justi;
1194 3390 1254 3443 quse
1270 3381 1336 3442 unul
1350 3374 1420 3429 buna
1437 3375 1535 3442 egerit,
1550 3384 1589 3429 tut
1603 3390 1684 3445 super
1699 3390 1729 3431 se
1745 3375 1879 3445 anterius

237 3464 384 3538 (eruta).
402 3484 411 3518 ι
426 3440 1179 3534 tir:rttprotundumsapionuaeetsutemtaCocutos
1202 3467 1336 3521 sacridc'a
1359 3466 1482 3537 imponit.
1511 3465 1581 3533 Quid
1603 3475 1695 3521 autem
1720 3476 1762 3521 est
1786 3467 1880 3524 attaris

240 3558 292 3613 pu
307 3555 397 3629 (Runa.
418 3558 468 3628 xv),
485 3577 495 3611 ι
511 3556 589 3627 cujus
604 3558 658 3611 alta
674 3555 860 3627 profunditas,
875 3565 904 3612 et
915 3558 976 3628 qiris
997 3558 1036 3612 in·
1086 3553 1170 3619 iussa,
1181 3556 1233 3610 nisi
1247 3556 1378 3609 botrorum
1392 3555 1539 3625 patientia?
1557 3571 1617 3624 uuae
1630 3556 1693 3610 dam
1713 3565 1830 3613 mertem
1844 3558 1879 3613 ad

240 3649 334 3704 veriet
356 3647 435 3704 eam?
458 3648 569 3703 llulurm
590 3657 646 3714 est,
669 3648 693 3704 si
717 3648 882 3704 voluerimus
906 3649 1034 3720 templum
1087 3646 1201 3700 adversa
1215 3644 1354 3699 toleranda
1370 3643 1503 3707 humiliat,
1518 3644 1596 3712 quasi
1618 3660 1695 3700 mure
1715 3644 1795 3700 iossae
1808 3647 1879 3702 hane

240 3736 399 3795 Salomonis
417 3739 482 3794 huic
505 3739 604 3812 templo
619 3747 647 3796 et
659 3753 754 3796 omues
771 3748 863 3810 partes
877 3738 936 3807 ejus
950 3748 977 3795 ct
993 3748 1034 3793 ta·
1086 3736 1113 3789 in
1125 3734 1179 3789 imo
1190 3734 1306 3803 positam
1319 3734 1495 3789 demonstrat.
1509 3734 1592 3789 Fossa
1607 3748 1671 3804 crgo
1687 3735 1713 3789 in
1727 3736 1806 3790 altari
1820 3739 1879 3803 ilat,

239 3829 391 3885 laerrtauula
412 3844 579 3900 comparare.
603 3829 680 3898 Quod
704 3831 766 3900 quia
787 3829 976 3885 difficillimum
995 3837 1037 3884 cst
1086 3827 1330 3896 nesuperpnsitum
1343 3824 1507 3881 sacrificium
1525 3841 1591 3880 aura
1606 3826 1802 3897 dispergat:id
1825 3837 1876 3894 ost,

239 3920 356 3978 interim
380 3921 408 3975 iu
439 3922 644 3991 presentiarum
678 3921 763 3976 altare
796 3921 867 3990 quud
901 3920 1036 3975 Ezeelrioli
1086 3917 1233 3974 electorum
1257 3932 1335 3972 muns
1357 3917 1517 3987 patientiam
1531 3917 1723 3982 cristodiat,ne
1743 3927 1879 3975 commuta

238 4018 384 4066 mteusum
397 4017 450 4072 est,
464 4009 543 4066 altari
559 4011 630 4080 quud
644 4012 671 4065 iu
693 4011 785 4067 Exodo
800 4012 916 4079 legimus
936 4010 1034 4078 (haud.
1086 4018 1168 4065 ventu
1193 4008 1491 4078 londoniensibus
1515 4008 1672 4076 quodbene
1698 4016 1810 4076 operata
1836 4016 1880 4064 est

240 4099 469 4173 xxvii),exparte
476 4101 1037 4173 modicaconseramus.lhialtarequinque
1087 4098 1205 4152 amittat.
1220 4097 1289 4152 Rene
1312 4105 1401 4151 autem
1416 4097 1474 4151 hare
1487 4096 1584 4151 eadem
1597 4095 1669 4151 iussa
1691 4096 1771 4150 unius
1794 4096 1879 4153 cubiti

240 4189 405 4245 mutium
416 4190 442 4245 in
455 4189 633 4261 lungitudine,
649 4198 677 4245 ει
697 4191 816 4261 quirinae
838 4191 990 4245 cubiturum
1009 4191 1036 4244 iu
1090 4204 1151 4246 esse
1164 4196 1298 4243 vriemurat
1314 4203 1322 4241 ε
1340 4188 1402 4256 quia
1414 4187 1540 4241 nimirum
1554 4188 1576 4242 si
1590 4187 1719 4258 patientia
1732 4203 1787 4242 trun
1802 4187 1880 4244 dese·

238 4278 398 4347 latitudine,
412 4279 500 4345 idest,
513 4280 736 4352 quadrangulum,
752 4289 780 4336 et
791 4281 871 4335 triam
883 4281 1036 4336 cubiturum
1090 4282 1171 4344 ritur,
1186 4280 1298 4335 unitatis
1315 4293 1441 4334 rraensura
1453 4287 1587 4333 servatur.
1602 4279 1678 4335 Uride
1690 4287 1718 4334 et
1728 4278 1827 4335 Paulus
1840 4282 1879 4336 ait

241 4370 424 4428 innititudiue
434 4371 606 4429 describitur.
620 4372 670 4429 ilic
681 4372 1037 4429 verurecedensasensihns
1088 4374 1122 4429 ad
1135 4372 1266 4428 Galatas:
1288 4390 1298 4421 ι
1318 4371 1436 4426 Invicem
1457 4385 1540 4426 onera
1563 4382 1654 4426 vestra
1669 4380 1786 4440 portate,
1798 4379 1826 4427 et
1838 4372 1880 4427 sic

242 4462 367 4532 quinque
382 4463 467 4518 tendit
477 4462 512 4518 ad
529 4463 665 4530 tunionem,
677 4466 704 4519 in
715 4481 769 4534 quo
780 4465 889 4521 cubitus
902 4464 1037 4534 perlectus
1087 4463 1268 4532 adimplebitis
1280 4463 1366 4532 legem
1380 4461 1491 4517 Christi.
1510 4481 1520 4515 ι
1537 4462 1592 4518 Lex
1605 4463 1704 4533 quippe
1713 4463 1824 4529 Christi,
1838 4471 1880 4519 est

242 4552 304 4610 sire
324 4552 475 4608 summimus
485 4553 603 4623 punitur.
622 4553 672 4611 Cui
683 4551 803 4625 iungitur
814 4553 930 4624 palmus,
945 4554 970 4609 id
985 4561 1037 4619 est,
1088 4556 1209 4611 charitas
1222 4553 1346 4616 ciuitatis,
1365 4568 1445 4623 quam
1464 4551 1514 4608 suli
1528 4552 1681 4623 perficiunt,
1696 4552 1742 4621 qui
1754 4566 1806 4607 nce
1817 4566 1879 4606 cnm

243 4644 388 4709 κὼιστὰ,
403 4652 519 4709 sextam,
533 4651 563 4698 ut
578 4658 657 4715 supra
674 4642 802 4706 dirimas,
815 4643 919 4699 habens
933 4650 1039 4713 partem
1089 4653 1247 4717 gravantur,
1267 4638 1412 4699 excedunt.
1432 4640 1568 4713 (llirron.)
1585 4642 1716 4711 Quodque
1734 4642 1878 4711 sequitur:

241 4735 342 4792 cubiti.
358 4735 387 4790 ln
399 4736 459 4790 sinu
476 4744 565 4812 autem
580 4734 648 4804 eius,
660 4735 712 4790 huc
724 4745 765 4791 est
777 4734 879 4801 altaris,
894 4743 953 4790 erat
963 4732 1039 4790 cubi·
1054 4776 1078 4837 D
1093 4759 1103 4792 ι
1119 4738 1181 4793 Eta
1205 4738 1342 4809 crepidine
1359 4737 1456 4792 minori
1472 4751 1556 4807 usgue
1570 4736 1604 4790 ad
1618 4735 1783 4804 crepidinem
1797 4733 1881 4803 maio-

243 4836 292 4883 tus
317 4826 365 4896 qui
388 4827 535 4883 scilicetca
550 4840 610 4896 qum
631 4827 692 4898 igne
719 4825 947 4881 consumebantur
955 4825 1040 4881 susci-
1092 4845 1149 4885 rem
1157 4838 1273 4899 quatuor
1284 4830 1484 4894 cubitorum,et
1495 4826 1610 4881 latitudo
1619 4825 1798 4890 uniuscubiti,
1811 4839 1880 4895 ipro

242 4916 349 4992 piebat,
360 4926 388 4972 et
406 4918 434 4971 in
449 4916 591 4972 latitudine
607 4916 666 4986 ejus
679 4916 749 4971 alius
760 4917 878 4981 cubitus,
892 4925 921 4972 ut
934 4926 961 4969 et.
971 4916 1041 4972 inte·
1090 4917 1562 4990 quruiuSeptuagiatapositumestn
1572 4913 1881 4984 Etapropitiaturiomi-

243 5009 333 5073 riura,
359 5008 410 5063 buc
435 5015 496 5073 εει,
525 5016 629 5063 secreta
655 5016 682 5064 ει
703 5008 789 5078 spatia
814 5007 917 5073 altaris,
932 5022 990 5077 que
1012 5008 1040 5064 iu
1091 5007 1285 5077 nuriosauead
1296 5004 1514 5076 propitiatorium
1524 5003 1682 5073 majus,›et
1694 5001 1842 5058 Theudutio
1852 5004 1881 5058 ιι

242 5097 391 5154 latitudine
400 5098 790 5164 dernenstrantur,uuucubito
799 5098 952 5153 linirentur.
963 5096 1039 5165 Quod
1091 5109 1302 5169 circumcisura,
1311 5091 1882 5164 transtulit,illudentintelligendum,qrvud

242 5197 341 5246 autem
362 5189 485 5260 sequitur
505 5206 512 5243 :
536 5188 596 5244 ιΕι
620 5188 741 5244 delinitio
771 5189 912 5259 usquead
937 5189 1039 5244 labium
1091 5188 1307 5262 propitiatorium
1320 5187 1420 5251 minus,
1434 5186 1503 5254 lapis
1515 5185 1551 5241 sit
1561 5183 1711 5240 excisusdc
1724 5183 1882 5240 montesinc

241 5279 317 5350 ejus,
336 5298 345 5332 ι
366 5293 484 5350 proquo
504 5278 612 5350 Aquila,
628 5278 818 5351 Symmachus,
838 5287 866 5335 et
889 5278 1040 5334 Theodotio
1091 5281 1225 5336 manibus.
1236 5284 1266 5333 ει
1288 5276 1504 5348 propitiatorium
1524 5275 1627 5345 maius,
1651 5275 1709 5345 ipso
1730 5273 1814 5345 lapis,
1835 5272 1882 5342 qui

242 5381 400 5447 posuerunt
421 5374 571 5440 terniinum,
587 5372 761 5445 Septuaginta
776 5388 883 5429 rursrtm
897 5374 982 5444 gisam
997 5372 1040 5426 in·
1091 5370 1177 5428 erevit
1188 5369 1214 5423 in
1234 5375 1353 5423 iiiontem
1368 5375 1533 5437 magitumet
1544 5365 1664 5436 implevit
1674 5367 1828 5421 universum
1842 5378 1884 5419 or·

244 5465 390 5537 terpretati
404 5474 465 5521 sunt
483 5484 489 5520 :
504 5466 582 5535 eujus
603 5466 689 5532 verbi,
705 5474 735 5519 ut
756 5463 882 5533 antelam
897 5465 964 5530 dixi,
986 5478 1040 5518 nun
1090 5456 1435 5528 ben.snojnnaatteram
1443 5456 1786 5528 sensum,propitiaturium
1794 5454 1883 5509 minua

244 5573 360 5633 μιεειιιι]
374 5558 444 5614 scire
455 5557 605 5623 rationem,
623 5571 674 5612 nce
685 5556 764 5627 cujus
783 5555 881 5626 liuguae
902 5555 938 5609 sit
951 5553 1041 5609 dicere
1092 5558 1150 5617 cat,
1162 5550 1271 5619 uuanda
1285 5567 1295 5600 r
1312 5547 1462 5604 exinanivit
1476 5561 1525 5613 se,
1539 5544 1654 5601 formam
1665 5544 1735 5600 servi
1747 5541 1883 5612 accipiens

244 5646 428 5713 cortddenler,
442 5648 494 5704 uisi
514 5649 565 5703 hoc
579 5648 725 5703 admonere
741 5646 880 5712 lectorem,
907 5645 977 5715 quud
995 5644 1040 5699 uhi
1093 5639 1205 5713 (Philip.
1232 5641 1274 5713 ιι).
1299 5658 1310 5691 ι
1337 5639 1371 5694 Ει
1397 5638 1615 5710 propitiatorium
1641 5636 1749 5705 majus,
1776 5630 1884 5703 utrarrdu

244 5753 324 5796 nuuc
336 5736 519 5794 deurinonnn
533 5738 726 5810 interpretatus
739 5753 810 5803 sirm,
823 5752 903 5808 supra
914 5751 1042 5792 coronam
1093 5732 1197 5804 recepit
1205 5731 1330 5802 gloriam,
1340 5745 1422 5801 quam
1430 5729 1600 5801 habuitapud
1609 5728 1728 5790 Patrem,
1739 5731 1883 5792 antequam

246 5828 448 5887 miasurlerim.
468 5829 587 5899 illuduue
605 5815 725 5885 breviter
744 5829 956 5893 demonstratur,
971 5826 1044 5897 quud
1093 5823 1211 5879 inundes
1228 5821 1305 5877 ιιειει
1328 5821 1421 5892 (loun.
1434 5821 1512 5894 xvir).
1535 5820 1614 5875 Prius
1628 5817 1700 5873 enim
1718 5812 1816 5870 οιιιιειξ
1832 5812 1883 5866 hu·

246 5920 278 5975 in
296 5917 415 5972 circuitu
430 5918 515 5990 ipsius
530 5918 633 5983 altaris,
652 5918 743 5983 idest,
767 5917 794 5972 in
815 5917 937 5987 margine
950 5923 977 5970 et
991 5914 1044 5970 cir·
1095 5912 1201 5970 miliura
1212 5913 1409 5984 cognoscimus,
1421 5920 1450 5969 et
1462 5911 1502 5967 sic
1511 5910 1546 5967 ad
1561 5907 1711 5965 divinitatis
1724 5903 1783 5975 eiua
1797 5902 1885 5957 altitu·

246 6013 313 6069 colu
341 6012 488 6082 repandum
513 6011 594 6069 luerit
614 6012 715 6067 labium
739 6020 767 6067 et
791 6011 868 6082 quasi
892 6024 991 6066 eurooa
1015 6008 1044 6063 iu
1096 6006 1187 6062 diaeta
1213 6005 1386 6075 pervenimus
1410 6021 1417 6057 ε
1445 6012 1473 6058 ει
1498 6013 1589 6058 umen
1616 5996 1757 6066 utriusque
1780 6002 1883 6052 natura
