4500 6842
283 653 335 711 tttt

828 645 980 704 llOlllLlAE
1000 646 1033 701 tn'
1055 644 1181 699 Et'tbtl.
1202 645 1245 697 ET
1268 642 1376 699 setst.

1870 647 1919 703 lbi

281 762 382 834 poterit
406 762 475 816 alios
488 760 557 814 ursin
581 757 691 813 dorne.
714 757 782 813 Cum
805 765 894 813 autem
920 757 981 812 fidei
994 772 1076 811 causa
1090 762 1115 820 A
1129 755 1171 820 lis,
1187 765 1215 811 ut
1226 757 1278 811 boc
1291 756 1316 811 ei
1331 754 1534 810 concederetur.
1546 753 1668 809 Primum
1680 753 1713 809 ab
1724 755 1789 823 ipsis
1803 758 1919 825 postulat

281 854 410 916 vertitur,
436 864 522 920 oeque
545 848 718 904 manifestum
731 858 774 903 est
785 849 909 903 onrrvibus
927 849 998 917 quod
1012 848 1078 904 dici-

282 954 340 1010 tur,
355 957 444 1012 neque
459 940 591 1011 malignus
609 940 714 995 dubitat
726 940 823 995 docere
846 940 999 994 contraria:
1016 953 1077 991 nam

279 1050 308 1091 et
322 1034 395 1103 qnod
407 1032 509 1087 dietum
536 1039 600 1086 est:
623 1029 713 1084 Nolite
731 1029 852 1098 judicare
870 1046 902 1083 ne
910 1028 1076 1097 judicemini,

283 1125 317 1177 de
331 1125 388 1177 vita
400 1120 502 1176 dictum
517 1127 569 1185 est,
584 1134 638 1174 non
652 1119 685 1173 de
704 1118 766 1173 frde.
783 1116 860 1184 Quod
874 1117 946 1171 enirn
964 1114 1079 1171 infertur

284 1212 338 1267 ltoc
360 1207 541 1263 manifestat:
568 1207 638 1273 Quid
659 1208 747 1273 tides,
778 1207 874 1275 iuquit,
902 1204 1026 1275 stipulum
1051 1205 1079 1258 in

283 1301 363 1354 oculo
383 1299 474 1368 [ratris
496 1298 535 1352 tui
547 1308 572 1353 rt
586 1298 685 1352 trabem
708 1299 737 1352 in
757 1296 832 1352 oculo
852 1308 897 1353 tuo
916 1314 968 1352 non
987 1297 1080 1351 uides?

284 1392 384 1447 Omnia
395 1407 455 1462 erpo
470 1406 529 1462 pao
541 1390 611 1445 volis
625 1390 751 1451 dicerint,
774 1390 868 1458 iuquit,
884 1398 912 1442 nt
924 1387 1053 1458 faciatis(
1067 1418 1080 1428 -

284 1483 347 1534 rite.
371 1480 471 1535 Facere
494 1478 685 1549 auternoperis
707 1487 814 1533 estnon
826 1477 898 1531 fidei.
930 1475 1080 1531 Secvtmiam

284 1582 376 1625 autem
391 1587 470 1641 opero
491 1586 581 1624 eorum
595 1569 673 1624 nolite
695 1569 791 1638 fucere.
814 1568 931 1623 Intueris
945 1566 1080 1638 quomode

286 1680 342 1719 oon
357 1664 392 1719 de
404 1663 586 1734 dogmatibus,
608 1661 655 1717 sed
669 1662 702 1716 de
725 1662 781 1717 vita
792 1670 819 1716 et
840 1660 968 1730 operibus
990 1674 1081 1714 sermo

285 1762 339 1809 est.
361 1752 418 1819 ipsi
440 1752 508 1807 enim
527 1751 633 1822 utpttanr
650 1768 698 1822 pro
717 1751 787 1806 uobis
802 1754 928 1807 rationem
943 1750 1079 1805 reddituri.

285 1842 408 1897 Audiant
430 1850 458 1897 et
479 1841 626 1911 principes,
653 1856 706 1895 nou
722 1841 772 1896 soli
797 1840 833 1896 illi
858 1841 902 1909 qui
919 1850 1080 1911 reguuturn

286 1935 467 2005 principibus,
494 1934 630 2003 quomodo
645 1935 715 1990 sicut
729 1935 886 1990 obedientes
900 1943 1008 2004 oportet
1021 1949 1081 1990 esse

286 2025 334 2093 qui
347 2034 489 2096 reguntur,
501 2024 540 2079 sic
554 2024 636 2079 etiam
651 2034 771 2080 rectores
781 2033 809 2082 et
820 2026 957 2096 principes
970 2025 1082 2095 vigilan-

1129 847 1277 913 oratioues,
1293 855 1357 902 tune
1367 846 1450 901 etiarn
1458 846 1514 917 ipse
1526 861 1576 917 pro
1588 846 1628 901 eis
1640 846 1731 902 omnia
1742 848 1813 903 bona
1825 848 1919 920 depre-

1130 937 1253 991 cabatur.

1170 1026 1237 1080 fleas
1256 1038 1343 1081 autem
1358 1028 1442 1097 pecie,
1453 1027 1498 1098 qui
1509 1027 1599 1083 eduxit
1614 1029 1770 1085 demortuis
1788 1039 1917 1101 pastorem

1129 1133 1253 1187 magnum
1269 1118 1354 1171 oeiurn
1369 1118 1395 1171 in
1411 1118 1538 1188 ruriquine
1552 1121 1700 1174 testamenii
1722 1120 1812 1175 eterni
1828 1120 1918 1176 oom-

1130 1223 1193 1260 aum
1211 1217 1329 1261 nostram
1342 1206 1433 1261 desum
1448 1204 1591 1274 Citristnnt,
1607 1220 1731 1279 speruus
1744 1212 1771 1264 in
1782 1213 1852 1266 omni
1863 1228 1920 1282 ope·
2004 1264 2014 1277 ,

1132 1314 1159 1350 re
1169 1297 1243 1360 bono,
1261 1308 1288 1350 ut
1305 1298 1410 1367 [viciatis
1425 1298 1582 1353 betrentotent
1604 1302 1673 1371 ejus,
1686 1303 1784 1372 socieris
1797 1306 1825 1358 in
1849 1304 1918 1360 uobis

1130 1387 1200 1457 quod
1212 1386 1312 1456 placem
1325 1404 1413 1441 coram
1430 1406 1457 1443 se
1472 1405 1517 1457 per
1526 1388 1617 1444 Jesrtm
1628 1389 1773 1456 Citristurrr,
1785 1395 1826 1448 eui
1837 1393 1921 1465 plotio

1131 1477 1159 1531 irr
1169 1476 1266 1531 saceio
1279 1476 1445 1532 serculorum.
1461 1479 1554 1534 Amen.
1568 1479 1648 1547 Deus,
1660 1482 1757 1551 inquit,
1769 1486 1858 1554 pacis,·
1872 1503 1921 1542 no·

1131 1568 1179 1623 lite
1194 1568 1276 1638 igitur
1291 1567 1420 1623 dissidere
1432 1584 1447 1622 a
1461 1570 1539 1625 nobis
1553 1570 1576 1624 si
1594 1570 1675 1627 vultis
1703 1571 1846 1629 [lominum
1873 1575 1921 1629 lra-

1131 1662 1195 1716 bcre
1207 1661 1363 1731 propitium.
1373 1660 1424 1727 Qui
1437 1662 1538 1728 educit,
1552 1663 1648 1731 inquit,
1663 1664 1777 1719 deterre
1790 1675 1920 1737 pastorem

1132 1766 1265 1821 mnpnnm.
1293 1750 1349 1805 lloc
1377 1753 1410 1807 de
1436 1753 1634 1808 resurrectione
1661 1754 1832 1810 dictumest.
1853 1754 1923 1810 llioc

1133 1843 1204 1898 eninr
1221 1859 1305 1912 usqne
1325 1844 1358 1897 ad
1376 1843 1456 1898 frncm
1468 1844 1599 1899 orationis
1619 1846 1750 1900 rationem
1765 1846 1805 1900 eis
1820 1846 1853 1901 de
1875 1859 1921 1902 re-

1132 1933 1299 1989 surrectione
1313 1931 1464 1997 confirmat,
1480 1942 1506 1987 et
1521 1933 1682 1989 testificatur
1694 1935 1733 1989 eis
1749 1934 1850 2004 maiora
1861 1949 1923 2005 pcr-

1131 2022 1265 2079 fectionis.
1280 2024 1321 2077 Ad
1336 2023 1395 2080 illos
1410 2025 1481 2078 euim
1495 2025 1621 2096 pertinet,
1638 2026 1682 2095 qui
1701 2027 1757 2097 jam
1783 2041 1922 2096 sumpsere

288 2122 331 2169 tes
345 2129 406 2169 esse
420 2114 495 2169 dicit.
521 2112 590 2178 lios,
608 2114 704 2183 inquit,
729 2114 789 2168 dieo
804 2122 831 2168 ut
845 2131 903 2168 enm
923 2114 1019 2184 gaudio
1036 2114 1078 2183 [n-
1095 2102 1117 2160 Β
1131 2114 1304 2185 principium,
1318 2122 1346 2169 et
1356 2129 1470 2183 quorum
1485 2116 1518 2169 ad
1532 2114 1725 2184 perfectionem
1746 2116 1835 2170 ornnis
1858 2132 1920 2170 cur-

286 2205 359 2257 ciart
370 2213 394 2259 et
409 2220 462 2259 nort
477 2205 664 2275 gemiscentes,
686 2220 736 2259 nort
749 2204 817 2258 eninr
837 2205 938 2274 erpedit
951 2204 1030 2258 nobis.
1042 2202 1082 2258 lo·

286 2294 376 2349 tueris
389 2294 497 2364 quando
518 2301 730 2349 contemnuntur
741 2293 887 2363 principes,
914 2310 966 2348 non
977 2300 1082 2362 oportet

286 2381 406 2437 ultiones
421 2381 555 2452 ingerere,
582 2383 628 2437 sed
641 2390 696 2438 tuta
711 2381 779 2436 ultio
793 2391 834 2436 est
844 2381 950 2451 plorare
966 2391 995 2435 et
1009 2382 1083 2452 inge·

287 2474 414 2528 miseere.
429 2472 495 2528 Natu
509 2482 537 2529 et
546 2474 665 2529 medicus
677 2474 785 2543 quando
801 2474 835 2528 ab
849 2482 949 2544 aegroto
963 2482 1083 2529 motem-

286 2561 375 2630 uitur,
394 2575 448 2617 ooo
462 2576 492 2617 se
514 2560 665 2626 ulciscitur,
694 2561 741 2617 sed
764 2559 892 2630 ploraret
910 2562 1080 2633 ingemiseit;

287 2652 337 2708 red
355 2652 501 2724 dicisquia
515 2651 560 2708 ille
578 2654 739 2725 ingemiscit,
754 2652 893 2710 ulciscitur
911 2654 938 2708 iu
951 2662 978 2707 ιε
1000 2653 1081 2710 Deus.

394 2756 488 2840 ‚pyro
501 2743 660 2813 prorostris
671 2745 790 2814 peccatis
809 2744 1020 2814 ingemiscimus,
1036 2743 1082 2799 ad·

382 2823 409 2916 “s⁴
425 2829 473 2890 -Jetf
497 2849 548 2890 nus
570 2834 791 2905 propitiationem
818 2834 881 2901 bei,
901 2850 950 2904 per
968 2834 1082 2889 aliorum

282 2909 520 2996 mrffiemiarn
545 2933 573 2978 et
591 2932 773 2993 oontempturn
795 2939 857 2979 curn
871 2924 1081 2994 ingemiscimus,

238 3031 243 3036 ·
285 3001 381 3067 moue
405 3013 522 3082 amplius
540 3014 704 3068 advocamus
728 3014 838 3069 licum?
867 3012 989 3069 Gemitus
1009 3012 1081 3067 enirn

285 3101 364 3155 omni
390 3102 443 3157 erit
461 3102 563 3158 ultione
575 3103 702 3158 deterior.
722 3101 835 3170 Quando
849 3104 921 3183 enirn
947 3104 1005 3174 ipse
1027 3118 1081 3158 non

1133 2222 1179 2261 sus
1195 2206 1359 2272 intenditur,
1372 2215 1487 2275 oratque
1502 2221 1551 2276 pro
1571 2207 1630 2260 eis:
1651 2206 1722 2276 qnod
1748 2207 1865 2276 pertinet
1887 2207 1922 2261 ad

1132 2310 1277 2357 amantem.
1296 2302 1328 2355 Et
1344 2302 1370 2355 in
1392 2301 1453 2356 aliis
1466 2301 1574 2371 quidem
1600 2299 1721 2371 epistulis
1747 2300 1773 2354 in
1801 2300 1922 2356 exordiis

1131 2400 1201 2456 orat,
1219 2391 1263 2445 lric
1283 2399 1373 2445 autem
1391 2390 1417 2443 in
1437 2389 1498 2444 fine.
1516 2390 1590 2459 Aptet
1606 2406 1662 2453 cor,
1681 2389 1777 2458 inquit,
1797 2390 1824 2442 in
1849 2390 1922 2443 omni

1132 2500 1208 2554 opere
1220 2484 1286 2537 bono
1303 2491 1330 2536 ut
1346 2482 1451 2552 sociatis
1465 2480 1623 2536 uoluntatem
1638 2481 1706 2551 ejus,
1723 2480 1823 2551 faciens
1837 2480 1864 2534 in
1879 2496 1922 2534 oo·

1132 2573 1171 2629 bis
1190 2574 1258 2644 quod
1271 2572 1373 2643 placeat
1386 2587 1475 2626 eoram
1493 2587 1529 2625 re.
1543 2569 1659 2626 Intueris
1673 2569 1788 2640 qualiter
1801 2568 1922 2625 ostendit

1133 2661 1283 2733 ingenerari
1305 2675 1385 2732 posse
1404 2660 1549 2724 virtutem;
1569 2674 1656 2729 oeqne
1671 2674 1705 2714 ex
1729 2658 1843 2714 Domino
1856 2657 1924 2714 dicit

1133 2759 1229 2816 totonn
1259 2764 1347 2820 neque
1374 2763 1408 2805 ex
1433 2749 1512 2804 nobis
1535 2762 1595 2803 eam
1613 2748 1707 2817 perfici
1723 2756 1839 2803 tantum.
1853 2745 1921 2804 Naro

1132 2844 1202 2914 quod
1214 2842 1291 2906 dicit,
1307 2840 1342 2895 ttr
1356 2840 1474 2911 perficiat
1491 2856 1533 2895 uos
1550 2840 1657 2894 inomni
1671 2854 1747 2909 opere
1765 2838 1842 2902 bono,
1869 2837 1922 2893 hoc

1132 2934 1284 3007 significat:
1303 2932 1413 2987 llabetis
1428 2931 1536 3000 quidem
1560 2930 1698 2994 virtutem,
1727 2928 1850 3000 indigetis
1874 2943 1923 2982 au-

1133 3038 1186 3082 tem
1206 3024 1413 3095 complemento.
1439 3022 1508 3088 Quid
1538 3031 1628 3075 autem
1654 3028 1696 3077 est
1718 3018 1788 3089 quod
1803 3019 1878 3085 dicit,
1894 3017 1923 3073 irr

1132 3118 1201 3172 ontni
1226 3130 1301 3185 opere
1322 3122 1346 3167 et
1370 3129 1487 3167 sermone
1496 3112 1582 3166 bonof
1594 3111 1628 3167 ttr
1644 3111 1769 3167 videlicet
1779 3110 1862 3165 ritaro
1876 3121 1922 3165 re·

287 3192 425 3263 inteiligit,
444 3193 623 3264 ingemiscens
647 3194 755 3249 invocat
775 3194 929 3249 bertuinum.
953 3196 986 3249 Et
1000 3194 1078 3250 sicuti
1131 3217 1203 3264 epam
1216 3207 1348 3263 haherent
1369 3215 1398 3261 er
1420 3204 1555 3277 dogmata,
1582 3203 1737 3259 secundum
1756 3203 1922 3257 voluntatem

286 3299 350 3339 ⁰⁰⁰¹
365 3284 462 3339 d⁰⁰⁸⁰l
473 3285 655 3339 ⁰⁰¹¹W¹l¹¹ll¹¹¹
666 3302 681 3339 ³
694 3300 788 3356 luem»
800 3286 960 3356 llaediil⁰8⁰⁵
971 3295 1082 3356 ⁰⁰8³⁸¹¹l
1131 3298 1199 3368 ejus,
1216 3299 1312 3368 inquit,
1327 3297 1430 3354 faciens
1456 3298 1482 3353 in
1503 3296 1588 3362 vobis,
1603 3296 1801 3368 beneplacitum
1817 3296 1842 3349 iu
1855 3311 1921 3354 catt-

284 3376 334 3443 (ιΰῑ
355 3374 478 3429 “lellus
491 3377 597 3431 lssffldll
613 3377 646 3432 iil
662 3391 796 3447 puerum,
820 3378 860 3432 ⁸10
882 3379 964 3433 &¹5³¹ss
986 3378 1013 3432 hl
1034 3378 1080 3447 ‘tui
1131 3401 1225 3461 spectu
1240 3390 1308 3460 ejus.
1325 3390 1387 3445 llec
1404 3390 1503 3460 quippe
1522 3398 1565 3444 est
1579 3388 1697 3443 maxima
1724 3387 1808 3443 virtus
1834 3386 1924 3444 facere

286 3463 506 3519 5¹¹⁰b⁰⁴¹¹e¹¹¹lb¹¹⁸
526 3464 665 3535 discibulis
683 3483 736 3522 ¹¹⁰ss
757 3468 901 3537 loquentur
918 3467 1078 3538 Periculum·
1094 3468 1116 3528 C
1133 3481 1329 3550 beneplacitum
1340 3478 1747 3552 inconspectullei,secundum
1758 3478 1829 3549 quod
1840 3478 1922 3532 etiarn

323 3570 405 3626 Orate
420 3588 467 3641 pro
490 3573 579 3636 nolim·
602 3573 758 3643 confidimus
771 3576 912 3645 enimqeia
924 3576 1018 3629 bonam
1035 3575 1083 3630 do·
1132 3570 1267 3642 Propheta
1290 3570 1410 3638 loquitur
1429 3570 1536 3624 dicens:
1556 3569 1590 3623 Et
1607 3570 1749 3625 secundam
1766 3568 1922 3624 inauditiom

285 3662 574 3717 iemuconseientiem
593 3664 750 3719 iocineribus
773 3665 835 3720 berre
850 3664 960 3719 volentes
974 3681 1082 3720 eeaoer·
1133 3677 1258 3715 mannum
1280 3678 1396 3716 arearum
1416 3662 1443 3715 in
1465 3671 1601 3734 conspectu
1624 3662 1760 3716 oculorum
1781 3661 1855 3731 ejrts,·
1877 3661 1922 3715 cui

283 3752 350 3804 rari.
370 3750 486 3806 intueris
499 3753 634 3821 quomodo
648 3752 689 3806 lrae
702 3753 907 3822 deprecationes
918 3763 980 3808 sont
999 3754 1083 3811 veluti
1133 3753 1172 3808 rei
1187 3767 1251 3806 vera
1265 3753 1292 3807 in
1305 3753 1381 3808 cretis
1391 3764 1433 3809 est
1454 3768 1560 3809 rnerces
1572 3762 1719 3823 praestante
1733 3752 1847 3807 bornino
1871 3767 1922 3806 no-

285 3840 321 3894 ad
333 3842 510 3897 contristatos
522 3841 659 3907 scribens,
675 3850 703 3896 et
716 3840 749 3896 ad
761 3844 864 3912 eosqui
881 3844 1081 3908 avertebantur,
1132 3852 1189 3899 stro
1200 3841 1264 3898 lesu
1283 3843 1401 3909 Christo,
1425 3844 1471 3913 qui
1493 3859 1555 3899 curn
1576 3842 1657 3899 Putre
1670 3852 1698 3898 et
1710 3841 1812 3913 Spiritu
1826 3850 1922 3897 saneto

284 3932 375 4001 etqui
399 3933 471 3987 cirea
498 3947 559 3987 euru
580 3932 664 3988 veluti
684 3933 757 3987 eirca
775 3934 1009 4001 praevaricatorem
1022 3929 1082 3985 afll-
1132 3934 1198 3988 vivit
1211 3941 1239 3987 et
1264 3941 1359 4005 regnat
1373 3931 1454 3999 Deos,
1472 3948 1519 4002 per
1533 3932 1623 3989 omnia
1637 3933 1736 3987 sarcula
1748 3930 1918 3988 saeculorum.

284 4023 440 4086 ciebantur,
458 4037 511 4078 non
527 4022 645 4078 ferentes
659 4038 692 4078 ne
712 4022 820 4091 quidem
846 4037 942 4077 nomen
955 4021 1013 4090 ejus
1031 4037 1081 4075 au·
1130 4023 1227 4078 Amen.

285 4113 357 4168 dire.
379 4113 520 4180 Quomodo
531 4113 614 4184 igitur
626 4114 659 4169 ab
674 4113 862 4168 obedientibus
884 4111 934 4166 sibi
959 4110 1021 4165 talia
1034 4124 1082 4181 po-

286 4204 424 4268 stulabat,
444 4203 533 4272 qualia
554 4203 617 4272 quis
642 4217 658 4258 a
679 4200 853 4256 dilectoribus
874 4208 965 4269 potest
980 4214 1081 4269 praeso-

287 4310 379 4357 mere,
400 4304 545 4364 propterea
564 4295 592 4349 in
613 4293 734 4352 lrocloco
747 4295 799 4348 buc
821 4293 961 4347 coustituit
975 4291 1079 4356 dicens,

1420 4110 1559 4166 ttottttbt
1577 4109 1634 4165 xtt.

1418 4215 1484 4256 rrsrt
1500 4216 1579 4254 remu
1595 4216 1631 4256 tv.

1200 4291 1291 4347 Lectio
1304 4291 1390 4347 sancti
1403 4291 1539 4363 Evangelii
1554 4293 1703 4354 secundum
1717 4292 1846 4350 blarcum.

287 4384 452 4453 Confidimas
462 4386 525 4455 quio
536 4383 629 4438 bonum
641 4384 825 4438 conscientium
844 4383 984 4446 trudemus,
998 4379 1080 4437 veluti
1166 4381 1199 4438 ln
1218 4381 1264 4436 illo
1275 4392 1401 4453 tempore,
1416 4397 1525 4453 surgens
1538 4378 1617 4437 ierus
1629 4398 1707 4437 marte
1719 4384 1805 4453 primu
1814 4382 1915 4441 sailed

286 4476 309 4529 si
323 4475 428 4530 diceret
443 4492 450 4527 :
469 4473 535 4530 Nolo
557 4474 623 4529 milri
643 4474 828 4528 accusationes
843 4472 946 4541 aliquas
962 4470 1080 4541 profera-
1130 4471 1251 4543 apparuit
1266 4470 1351 4542 primo
1365 4468 1460 4525 dforice
1471 4469 1651 4540 Magdolemo,
1663 4482 1716 4527 etc.

287 4565 330 4618 tis.
344 4564 530 4628 Conscientia,
546 4563 644 4633 inquit,
665 4574 757 4619 nostra
774 4578 823 4618 uos
833 4563 860 4617 in
874 4562 947 4617 nullo
958 4564 1082 4617 eundern-
1166 4561 1229 4617 llaec
1243 4561 1377 4631 apparitio
1391 4576 1445 4631 quo
1458 4562 1538 4618 modo
1548 4570 1576 4617 et
1600 4563 1645 4618 ubi
1661 4564 1696 4620 sit
1718 4563 1789 4619 facta
1801 4563 1919 4621 loannes

287 4662 343 4717 nat,
365 4666 455 4722 neque
465 4652 543 4708 nubis
554 4652 655 4722 aliquid
669 4652 770 4707 conscii
784 4668 877 4706 sumus
889 4653 1024 4720 quomodo
1035 4666 1080 4707 vo·
1131 4655 1285 4724 plenissime
1299 4655 1387 4709 docet.
1401 4653 1526 4709 Surrexit
1540 4664 1629 4709 autem
1645 4655 1775 4711 Dominus
1789 4671 1868 4711 mane
1885 4657 1918 4714 de

285 4740 326 4796 bis
340 4740 454 4795 iusidias
471 4739 625 4796 fecerimus.
647 4737 820 4808 Confidt'ntrts,
840 4739 936 4808 inquit,
955 4741 1079 4809 quonium
1130 4754 1305 4802 monumento
1317 4746 1343 4799 iu
1359 4760 1423 4815 qno,
1440 4760 1502 4800 sero
1514 4744 1570 4814 jatu
1595 4745 1675 4802 facto.
1690 4754 1749 4799 erat
1769 4747 1919 4815 depositae,

286 4835 380 4890 ionem
394 4836 577 4890 conscientiam
589 4834 713 4889 babemus
726 4836 752 4891 irr
772 4834 901 4897 onvrribus,
912 4849 963 4888 vron
979 4835 1005 4889 in
1017 4851 1080 4910 gen·
1092 4812 1117 4870 D
1130 4845 1162 4891 ut
1173 4835 1365 4905 adimpleretur
1379 4834 1443 4889 illud
1454 4833 1604 4889 Psalmistae
1615 4853 1621 4889 ε
1633 4835 1674 4890 Ad
1686 4853 1817 4907 uesperum
1827 4839 1918 4896 demo-

287 4929 357 4984 tilvus
370 4935 487 4992 tantum,
503 4928 644 4983 sedetiam
661 4928 687 4981 in
699 4927 784 4982 vobis.
800 4926 872 4980 Nihil
889 4927 1077 4997 negotiationis
1129 4929 1232 4983 rabitur
1243 4928 1331 4996 pietus,
1345 4934 1370 4980 et
1381 4926 1415 4980 od
1425 4925 1584 4980 matutinum
1597 4926 1700 4981 letitie.
1713 4926 1840 4998 Sepultus
1853 4944 1918 5001 ergo

287 5020 373 5089 gratia
387 5018 510 5085 fecimus,
534 5018 603 5073 nihil
630 5017 806 5074 confectionis
824 5018 1007 5086 protulimus;
1026 5017 1080 5073 for·
1128 5030 1204 5075 sexta
1232 5017 1338 5073 sabbati
1360 5031 1420 5087 que.
1449 5015 1548 5071 dicitur
1572 5015 1720 5074 Parasceve
1737 5019 1937 5075 circatorem.

288 5118 359 5165 tasse
372 5110 445 5164 euim
459 5112 487 5165 in
508 5112 607 5165 talibus
620 5112 809 5165 accusabatur.
837 5111 981 5164 dedissunt
996 5112 1076 5177 ervirn,

287 5203 384 5273 lnquit,
398 5204 431 5259 ds
446 5213 472 5258 te
481 5204 610 5275 quomodo
624 5203 806 5258 discessionem
819 5204 894 5256 doces
906 5219 922 5254 o
935 5202 1008 5272 lepe;
1022 5217 1076 5256 nou

287 5294 357 5350 sieut
369 5296 504 5356 inimicus,
529 5296 630 5364 inquit,
646 5308 732 5363 tneque
751 5294 821 5348 sieut
835 5294 932 5357 hostis,
946 5294 992 5346 sed
1006 5294 1076 5347 sicut

289 5384 391 5439 auriens
404 5384 462 5438 bare
474 5384 573 5439 scribo.
588 5383 645 5438 lloe
661 5383 742 5437 etiam
752 5397 786 5438 ex
799 5384 841 5438 bis
854 5397 914 5452 qnae
927 5392 1076 5453 sequuntur

288 5476 447 5530 ostenditur.

320 5566 441 5636 Amplius
455 5576 542 5620 autem
555 5566 679 5636 deprecor
691 5581 734 5619 uos
760 5566 809 5619 doc
825 5565 921 5633 fucere,
934 5575 961 5617 rrt
972 5580 1023 5634 quo
1034 5580 1075 5617 ce-

288 5655 366 5711 briss
380 5658 503 5712 restituar
513 5657 592 5710 ralis.
605 5656 662 5711 lloc
675 5657 748 5711 enim
761 5656 874 5710 nirniuru
894 5656 1012 5709 amantis
1033 5662 1075 5709 est

289 5746 326 5800 sic
338 5760 421 5801 orare
432 5761 487 5801 nou
505 5745 671 5814 simpliciter,
681 5745 727 5800 sed
739 5760 800 5799 curn
816 5752 871 5798 tota
886 5744 1033 5798 intentione
1048 5753 1075 5797 et

287 5839 360 5894 curui
374 5853 488 5909 prorsus
497 5838 596 5893 studio.
614 5837 649 5892 Ut
666 5838 730 5901 cito,
744 5838 839 5905 inqiut,
851 5837 884 5890 ad
898 5852 943 5890 vus
957 5837 1072 5891 reniam.

291 5927 346 5984 lloe
356 5929 441 5985 animi
454 5937 499 5984 est
512 5928 579 5984 nibil
592 5928 643 5984 sibi
657 5929 758 5983 conscii
772 5928 910 5990 festinare,
929 5934 959 5980 ut
980 5927 1013 5982 ad
1028 5940 1075 5981 eos

292 6022 421 6078 mbeeer
436 6021 585 6088 adveniret,
603 6029 631 6077 et
644 6022 780 6078 extrortari
803 6021 873 6085 illos,
886 6034 965 6077 orare
982 6034 1030 6089 pru
1045 6019 1076 6073 tt-

1129 5109 1323 5180 respertirram,
1339 5106 1461 5176 sequenti
1476 5115 1555 5163 noete
1570 5122 1602 5162 ac
1615 5110 1658 5164 die
1670 5109 1775 5166 sabbati
1789 5126 1850 5166 cum
1865 5126 1917 5168 oo·

1129 5214 1172 5257 cte
1185 5199 1358 5272 subsequenti
1373 5199 1400 5252 in
1415 5208 1590 5255 urouuureuto
1599 5200 1713 5270 positus,
1728 5202 1768 5259 sic
1782 5204 1917 5261 dicteriis

1128 5293 1155 5347 id
1169 5300 1223 5356 est,
1236 5292 1325 5361 primo
1343 5304 1426 5345 mane
1437 5290 1544 5346 sabbati
1569 5293 1697 5347 surrexit.
1723 5292 1861 5367 Apparuit,
1875 5297 1918 5352 io·

1129 5386 1197 5455 quit,
1210 5386 1294 5455 primo
1310 5383 1404 5439 lforite
1418 5383 1583 5455 llapdotenoe
1593 5386 1625 5440 de
1634 5403 1686 5458 qua
1697 5388 1806 5459 ejecerat
1819 5403 1915 5462 reptem
2009 5463 2012 5468 ⁴

1129 5476 1269 5531 demonio.

1165 5566 1218 5620 ttta
1242 5566 1338 5621 uadens
1362 5568 1488 5623 nuntiauit
1505 5568 1556 5633 fris,
1569 5571 1614 5642 qui
1628 5588 1687 5634 eam
1700 5589 1730 5627 eo
1741 5584 1856 5642 puerant,
1870 5573 1914 5629 irt-

1128 5657 1245 5728 pentilur
1256 5668 1279 5712 et
1292 5659 1424 5727 pentibus.
1441 5658 1517 5714 Siout
1527 5660 1553 5725 io
1565 5662 1698 5734 principio
1712 5664 1810 5724 mulier
1819 5671 1916 5720 auctor

1127 5747 1212 5817 culpae
1226 5748 1282 5802 viro
1300 5746 1359 5811 fuit,
1375 5748 1416 5802 vir
1428 5757 1571 5810 exsecutor
1583 5754 1694 5818 erroris,
1714 5754 1749 5807 ita
1767 5769 1839 5809 none
1854 5769 1915 5824 quae

1127 5838 1203 5908 prius
1231 5844 1345 5891 mortem
1359 5847 1514 5907 gustaverat
1527 5843 1752 5898 resurrectionem
1778 5844 1854 5913 prior
1872 5844 1913 5899 vl-

1129 5928 1182 5992 dit;
1207 5935 1286 5981 etue
1304 5928 1424 5997 perpetui
1448 5938 1538 5984 reatus
1557 5931 1628 6001 apud
1648 5933 1721 5995 viros
1737 5934 1911 6003 opprobrium

1129 6019 1285 6082 sustineret,
1301 6018 1474 6088 quseculpnrn
1488 6020 1546 6074 viro
1559 6022 1749 6088 trairslirderut,
1766 6022 1911 6080 transfudit
