4500 6842
351 724 407 806 ais
673 746 703 801 n.
724 743 850 800 minam
870 737 978 797 ninum
996 731 1155 790 tuentur.
1176 727 1329 786 nounnr.
1351 726 1493 783 orsnuu
1513 725 1601 782 mus
1620 725 1651 781 ιι.
1793 717 1795 722 ·
1925 720 1977 777 aas

351 863 425 919 ontni
450 860 573 917 stet-utari
594 858 677 930 gloria
693 865 719 911 et
741 854 909 927 jucunditate
928 854 1090 915 contempta,
1110 845 1138 898 in
1153 846 1176 904 Α
1190 856 1278 906 suam,
1294 839 1342 894 sed
1355 854 1418 895 cum
1431 838 1482 908 ipsi
1496 838 1529 893 ah
1543 851 1636 891 errore
1657 833 1778 905 priorum
1803 832 1900 889 losertl
1920 829 1980 887 lire·

352 953 399 1012 lllo
411 953 468 1010 solo
479 950 550 1022 quod
566 950 643 1004 nohis
659 937 778 1001 futurum
800 942 965 1016 promittitur
982 937 1136 1007 gloriemur.
1192 944 1256 990 runt
1270 950 1303 990 et
1317 935 1435 989 oleastro
1454 933 1481 987 in
1505 931 1604 986 borram
1617 929 1727 992 olivam,
1743 939 1912 996 nequaquam
1933 926 1980 981 dc·

389 1042 513 1099 &ebutio
525 1055 583 1095 tero
594 1055 664 1108 spem
682 1045 813 1108 operetur,
834 1047 891 1104 spes
910 1040 1061 1085 autemnon
1077 1042 1140 1081 eou-
1191 1026 1273 1080 ocant
1289 1025 1410 1081 inridere
1426 1022 1546 1093 priorum
1570 1019 1659 1075 saluti.
1686 1017 1811 1073 Miserere
1833 1018 1927 1082 murt,
1938 1015 1981 1085 ph·

354 1134 450 1207 fundit.
466 1130 533 1185 Nam
547 1144 609 1201 spes
621 1126 773 1182 futurorum
792 1124 925 1179 honorum
946 1133 1053 1175 omnem
1076 1132 1140 1172 cou·
1192 1117 1286 1172 Dauid.
1302 1116 1507 1184 increpantura
1530 1110 1618 1165 turbis
1631 1107 1848 1164 etnihilominus
1867 1121 1922 1161 aon
1936 1114 1981 1162 ta-

353 1225 484 1280 tusionem
503 1218 610 1289 expellit
624 1232 632 1273 s
648 1217 720 1272 unde
742 1216 872 1287 probatur
889 1213 962 1266 hunc
973 1224 1026 1264 nou
1039 1207 1141 1262 habene
1190 1217 1265 1274 cern,
1280 1206 1327 1263 scd
1342 1205 1465 1261 crebrius
1479 1204 1507 1258 id
1522 1203 1609 1273 ipsum
1624 1200 1801 1273 ingeminant,
1820 1206 1851 1253 ut
1874 1198 1982 1255 deside·

352 1328 437 1387 spem,
456 1311 500 1383 qui
522 1310 549 1366 io
564 1308 706 1380 praeceptis
725 1304 900 1361 contunditur
913 1300 1025 1357 Christi.
1041 1298 1139 1368 Sequi·
1191 1303 1261 1358 rium
1273 1315 1343 1357 retae
1357 1299 1426 1355 lueis
1438 1298 1593 1355 ostendant.

353 1416 415 1463 tur:
1228 1391 1303 1448 Stetit
1316 1390 1405 1454 lesus,
1419 1399 1443 1444 et
1462 1389 1561 1444 eoeueit
1582 1403 1636 1452 eos,
1655 1395 1679 1442 et
1695 1387 1732 1441 uit
1743 1402 1752 1441 .·
1765 1385 1836 1453 Quid
1850 1384 1927 1441 uultis
1939 1385 1985 1457 se·

389 1493 458 1563 Quia
471 1494 587 1549 chorites
611 1490 660 1546 oet
683 1487 781 1559 diffuso
795 1494 832 1540 est
850 1486 877 1540 iu
899 1482 1020 1538 cordibus
1034 1479 1140 1535 nostrie.
1191 1484 1258 1538 nam
1270 1482 1360 1538 eolis?
1372 1481 1467 1535 bieuru
1481 1496 1491 1534 .·
1505 1479 1625 1544 Domine,
1646 1486 1674 1533 at
1685 1478 1840 1543 operientur
1849 1478 1919 1533 oculi
1931 1494 1983 1533 tro·

351 1584 506 1657 hiaguitudo
526 1584 597 1639 enim
612 1582 806 1654 promissorum
822 1575 1013 1632 beneficiorum
1039 1573 1142 1628 excitat
1191 1575 1249 1628 stri.
1263 1574 1333 1629 Caeci
1355 1582 1443 1638 erant,
1469 1587 1522 1641 quo
1534 1577 1677 1642 pergerent
1701 1568 1869 1641 ignorabant.
1898 1570 1983 1642 Sequi

351 1677 380 1733 in
395 1676 503 1732 homine
530 1673 671 1730 charitatis
695 1668 917 1741 magnitudinem,
937 1678 997 1733 quae
1020 1660 1139 1732 perfecte
1192 1680 1247 1720 non
1260 1671 1385 1733 poterant
1401 1663 1579 1727 Solratorenr,
1602 1660 1692 1715 multe
1711 1660 1794 1715 soree
1813 1660 1842 1716 in
1861 1660 1983 1727 lericlro,

268 1749 272 1757 ¹
352 1766 479 1831 corrodit,
495 1780 545 1822 nce
556 1765 650 1819 timere
666 1775 716 1816 uec
729 1759 875 1830 desperare
890 1756 973 1811 norit.
1193 1757 1283 1811 multae
1295 1771 1374 1825 rupes
1398 1763 1426 1810 et
1439 1762 1575 1826 praeopta
1594 1753 1621 1807 iu
1634 1751 1795 1822 protundum
1820 1754 1982 1823 vergentia:

389 1853 441 1911 Per
459 1853 727 1927 Qutnm‘snnctnm,
745 1850 789 1919 qni
802 1848 879 1902 datus
904 1856 940 1900 eu
964 1844 1046 1898 nodie.
1070 1840 1142 1909 Qtto-
1192 1847 1294 1902 idcireo
1313 1846 1442 1900 hominus
1465 1852 1528 1907 stat,
1545 1851 1575 1897 ut
1594 1844 1686 1898 venire
1708 1843 1824 1913 possint,
1838 1850 1866 1898 et
1889 1843 1984 1900 soceri

273 1935 278 1944 ’
352 1948 433 2003 ruodo
447 1961 496 2002 nos
506 1946 577 2001 heus
591 1943 679 2014 diligit
689 1956 723 1998 ex
735 1941 798 1996 hinc
812 1936 999 2010 cognoscimus
1011 1933 1075 2003 quia
1088 1947 1141 2001 nou
1189 1940 1267 2010 Juhet
1278 1952 1312 1993 nc
1328 1939 1411 1993 turha
1424 1936 1597 2007 prohibeant,
1612 1943 1639 1991 et
1653 1935 1802 2006 interrogat
1814 1936 1892 2006 quasi
1907 1936 1986 2009 igno·

352 2037 439 2093 solum
451 2035 528 2091 uobis
540 2049 589 2106 per
604 2032 652 2088 otti
666 2031 708 2087 sui
723 2037 836 2086 mortem
847 2035 959 2098 peecata
970 2024 1082 2089 dimisit,
1095 2020 1142 2078 sed
1194 2045 1257 2085 rans
1276 2030 1340 2099 quid
1360 2028 1443 2083 uelint
1462 2034 1492 2082 ut
1510 2042 1542 2082 ex
1557 2027 1732 2095 responsione
1749 2042 1882 2083 cecorum
1896 2030 1986 2084 maol·

352 2135 380 2183 et
387 2125 517 2197 Spiritum
531 2132 653 2180 sanctum
668 2122 745 2177 nohis
759 2121 831 2175 dedit
842 2118 889 2188 qui
904 2117 983 2172 uobis
995 2115 1084 2170 omnia
1098 2111 1141 2167 lu·
1194 2118 1263 2175 resta
1290 2118 1414 2174 debilitas
1433 2126 1537 2189 pereat,
1551 2125 1578 2172 ct
1600 2117 1686 2172 rietus
1699 2132 1733 2172 ex
1748 2118 1870 2173 remedio
1884 2133 1985 2189 cogito

353 2228 412 2274 tura
427 2215 497 2273 bona
520 2215 697 2278 demonstrat,
721 2221 749 2267 et
760 2212 788 2266 in
802 2210 854 2265 ilde
865 2218 949 2273 reeta,
962 2208 989 2262 in
1004 2221 1051 2277 spe
1064 2204 1141 2258 hema
1154 2184 1181 2244 1)
1194 2223 1295 2269 statur,

352 2319 381 2367 et
392 2310 524 2367 charitate
544 2305 662 2378 perfecto
680 2304 860 2360 corroborat:
876 2300 897 2357 si
916 2316 966 2355 1101
986 2298 1142 2367 1111111111·
1231 2306 1353 2361 Miserius
1366 2315 1454 2360 autem
1466 2320 1555 2359 eorum
1569 2303 1656 2369 lesus,
1668 2304 1750 2375 tetigit
1771 2302 1861 2359 oeulos
1881 2320 1982 2359 eorum.

353 2401 429 2456 rihns
442 2399 536 2469 dignos
550 2395 608 2464 cios
622 2393 788 2450 habitatione
801 2405 993 2462 preparemus-
1019 2387 1048 2441 Si
1069 2387 1141 2442 enim
1194 2395 1228 2450 Et
1241 2395 1375 2465 confestim
1389 2395 1520 2459 uiderunt,
1531 2405 1555 2448 et
1566 2395 1647 2449 secuti
1656 2403 1716 2449 sunt
1730 2410 1800 2448 eum.
1813 2393 1912 2466 Tangit
1922 2409 1986 2450 ocu*

353 2503 386 2544 ΘΧ
400 2496 456 2543 toto
470 2485 551 2542 wide
565 2483 709 2554 diligimus,
724 2481 889 2536 nihileritin
901 2475 1144 2547 nobis‚ttrtdepec·
1193 2486 1253 2542 los:
1269 2497 1296 2542 pt
1309 2494 1420 2557 ppaestat
1441 2483 1539 2541 artifex
1559 2485 1631 2554 quod
1652 2492 1748 2540 natura
1771 2502 1824 2542 non
1848 2484 1983 2542 dederat:

354 2580 408 2634 cali
423 2576 564 2633 desideriis
576 2575 734 2631 serviamus.
749 2572 783 2628 Et
803 2572 867 2643 quid
881 2569 1142 2640 estdlligerebeum
1193 2583 1239 2630 aut
1251 2584 1324 2631 certe
1334 2578 1405 2647 quod
1419 2576 1544 2632 debilitas
1559 2575 1657 2632 tulerat
1680 2577 1762 2635 domi
1787 2576 1985 2635 misericor-dig,

354 2670 406 2726 nisi
424 2669 462 2724 iili
476 2681 609 2737 occupate
624 2666 743 2721 animum
758 2663 899 2732 concipere
924 2662 1043 2716 inlentiae
1061 2660 1143 2715 Visio-
1194 2668 1347 2739 Statimque
1361 2670 1480 2723 uiderunt
1503 2678 1526 2723 et
1540 2669 1693 2724 deoblituit!
1707 2686 1777 2735 euin,
1798 2670 1845 2741 qui
1868 2679 1933 2726 ante
1958 2671 1986 2726 ip

354 2762 397 2818 nis
406 2760 465 2831 elus
477 2758 613 2826 affectum,
625 2757 730 2829 peccati
752 2755 854 2817 odium.
878 2752 969 2808 1111111111
992 2749 1142 2816 rastitium,
1193 2755 1301 2813 iericho
1315 2758 1448 2814 contracti
1464 2759 1594 2814 sedebant
1606 2767 1633 2813 et
1647 2758 1766 2814 clamare
1785 2768 1890 2815 tantum
1903 2775 1987 2817 uore-

354 2852 466 2924 diligere
476 2852 556 2908 etiam
570 2849 723 2921 proximum
739 2861 818 2917 quent
841 2846 898 2918 ipsc
912 2844 1017 2900 censuit
1031 2842 1143 2913 diligen·
1159 2917 1161 2920 Ι
1195 2857 1270 2914 rant;
1284 2857 1376 2919 postea
1388 2856 1536 2919 sequnntur
1545 2849 1637 2905 lesum
1651 2865 1704 2905 non
1718 2859 1772 2905 mm
1780 2851 1893 2922 pedihus
1903 2867 1985 2923 quam

353 2941 427 3007 dnn,
443 2942 470 2998 in
483 2942 542 3013 inse
558 2955 650 2996 amore
665 2953 776 2996 servare
798 2936 947 3007 legitimum
963 2934 1071 2989 modurn
1094 2946 1144 3001 per
1193 2938 1349 3004 virtutihus,
1361 2940 1425 3009 quta
1441 2941 1497 3009 ipse
1514 2949 1551 2994 eu
1564 2941 1617 3005 uu,
1633 2940 1726 2994 neutras
1740 2951 1763 2994 er
1778 2941 1986 3006 siquominus

353 3033 445 3090 lesum
456 3032 594 3088 Christum
606 3030 749 3087 Dominum
762 3037 896 3092 nostrum,
910 3026 953 3081 111
967 3034 1008 3080 est
1019 3025 1144 3080 1111111111
1194 3030 1320 3086 videlicet
1334 3032 1510 3088 nosterlesus
1520 3031 1644 3088 Christus
1658 3033 1703 3103 qui
1719 3049 1780 3089 eum
1794 3034 1875 3091 Patre
1885 3043 1914 3091 et
1926 3034 1986 3108 Spi-

355 3122 440 3194 gloria
457 3137 518 3177 curo
532 3121 613 3177 Patre
630 3130 658 3177 et
673 3119 776 3191 Spiritu
791 3125 885 3175 sancto
899 3130 970 3170 nune
983 3121 1011 3170 et
1036 3128 1144 3184 semper
1195 3121 1248 3176 rito
1263 3129 1357 3177 sancto
1372 3122 1438 3176 risit
1459 3130 1485 3178 et
1499 3131 1593 3194 regnat
1619 3121 1690 3179 Deus
1708 3136 1756 3194 per
1774 3124 1865 3180 omnia
1887 3127 1986 3184 saecula

355 3213 384 3270 lu
398 3211 495 3270 escula
511 3212 680 3269 saeculorum.
697 3210 793 3267 limen.
1194 3211 1362 3268 saeculorum.
1375 3211 1470 3267 huten.
1814 3226 1818 3232 ·

624 3320 764 3378 hohttht
780 3319 869 3376 xcttl.
1460 3300 1600 3360 hohttth
1625 3302 1717 3359 xciv,

629 3408 656 3449 rn
674 3406 761 3448 uooert
780 3404 873 3447 resro.
1335 3407 1494 3448 uruooutnn
1513 3407 1539 3447 rr
1563 3409 1627 3449 rosr
1646 3409 1844 3452 reurecosrsn.

409 3485 502 3542 Lectio
514 3484 599 3541 sancti
612 3482 749 3564 Suaugelii
762 3481 909 3537 secundum
924 3479 1089 3535 hlatthaeum.
1317 3479 1409 3537 Lectio
1423 3482 1548 3552 Epistulae
1559 3483 1629 3539 beati
1649 3483 1721 3539 Petri
1734 3487 1858 3557 apostoli.

392 3578 426 3632 tn
438 3576 484 3631 illo
496 3585 619 3647 tempore,
634 3572 780 3644 egrediente
789 3570 853 3626 Jetrt
877 3571 909 3624 ab
925 3569 1042 3636 11111111,
1055 3577 1144 3623 territa
1231 3576 1396 3642 Clturissimi,
1416 3577 1592 3633 humiliamini
1605 3579 1652 3634 sub
1665 3580 1764 3651 potenti
1783 3598 1862 3637 merset
1885 3581 1944 3652 Dei,
1957 3594 1985 3640 st

356 3676 394 3722 est
407 3666 551 3721 equituris
564 3663 646 3719 melta
658 3677 667 3715 .·
682 3672 706 3718 st
722 3679 780 3739 eece
792 3661 845 3715 duo
865 3662 926 3716 eoeei
940 3660 1056 3716 sedenter
1069 3675 1144 3715 secus
1193 3683 1238 3722 uos
1253 3668 1348 3722 exultet
1361 3668 1388 3722 in
1401 3678 1514 3740 tempore
1539 3670 1694 3726 visitationis
1710 3685 1834 3728 :omnem
1854 3674 1986 3741 sollicitat·

355 3752 586 3820 11111111111111
603 3754 665 3825 1111
684 3752 762 3807 11111
781 3752 913 3816 transiret,
936 3762 961 3806 11
983 3750 1143 3816 clamarunt,
1194 3757 1281 3812 clinem
1295 3769 1404 3814 cestrum
1416 3761 1580 3831 projicientes
1592 3762 1619 3816 iu
1634 3778 1703 3830 eum,
1723 3764 1846 3834 querolum
1858 3765 1910 3838 ipsi
1922 3785 1986 3823 crtru

355 3846 490 3901 diceutes:
506 3845 626 3913 Domine,
640 3846 762 3926 miserere
784 3844 878 3909 nostri,
889 3842 928 3913 pli
942 3842 1037 3897 Dauid.
1056 3842 1145 3898 Turbo
1194 3859 1232 3904 est
1247 3850 1372 3916 danobis,
1387 3860 1440 3906 etc.

355 3944 443 3992 estem
464 3934 614 4007 increpabat
632 3950 675 3989 eor
687 3943 716 3988 ut
738 3942 862 3989 tacerent.
877 3934 910 3987 tt
933 3932 973 3987 illi
989 3935 1072 4005 magis
1091 3932 1146 3987 clu·
1230 3940 1318 4008 liudo,
1343 3944 1441 3999 tratres
1464 3943 1626 4011 charissimi,
1640 3946 1791 4003 audiuimus
1812 3949 1923 4006 beatum
1937 3950 1986 4010 pe.

355 4026 471 4093 metunt,
496 4025 763 4093 dicentes:1lomine,
784 4025 906 4081 miserere
927 4024 1144 4094 uostri,fili1le·
1196 4038 1266 4085 trum
1291 4031 1441 4102 apostolum
1464 4034 1498 4088 ad
1520 4034 1699 4091 humilitatem
1721 4052 1771 4093 nos
1796 4040 1985 4100 cohortantem

355 4120 410 4187 uid,
424 4130 492 4177 etc„
1194 4130 1276 4191 atquc
1290 4122 1436 4187 dicentem,
1449 4114 1625 4179 humiliamini
1643 4125 1690 4180 sul
1715 4131 1814 4199 potenti
1832 4147 1915 4188 metes
1927 4132 1986 4190 Dei.

391 4212 466 4269 llulti
481 4213 599 4269 latrones
617 4221 696 4269 erant
711 4212 738 4266 in
752 4210 858 4267 iericho
871 4212 917 4282 qui
932 4212 1103 4284 egredientes
1118 4220 1146 4267 et
1195 4210 1289 4266 Manus
1302 4211 1349 4266 Dei
1371 4211 1566 4283 potestasejus
1586 4214 1665 4269 datur
1676 4215 1800 4289 intelligi,
1814 4220 1878 4290 quia
1894 4222 1921 4279 io
1933 4222 1988 4280 boo

356 4305 550 4362 descendentes
569 4304 602 4358 de
616 4301 809 4375 Hierosolymis
824 4303 849 4356 in
863 4300 970 4358 iericho
993 4302 1147 4359 interlicere
1195 4302 1394 4373 compaginatio
1406 4303 1589 4358 menthrornm
1604 4320 1658 4360 uon
1672 4306 1818 4376 invenitur,
1829 4311 1876 4380 qui
1887 4308 1988 4386 ubique

356 4407 384 4455 ct
403 4396 547 4452 uulnerare
563 4402 760 4449 consueuerant
782 4413 788 4448 ι
813 4394 915 4450 idcirco
930 4394 1058 4451 bantinus
1073 4395 1147 4449 rcnit
1195 4399 1224 4447 et
1238 4392 1265 4446 in
1280 4394 1407 4449 omnibus
1421 4399 1493 4448 totus
1505 4391 1600 4463 plenus
1620 4403 1663 4451 est
1684 4405 1765 4469 atque
1778 4397 1927 4471 perlectus,
1940 4407 1988 4462 sed

356 4488 465 4545 iericho
475 4501 537 4542 cum
546 4484 694 4555 discipulis,
700 4493 730 4540 ut
739 4484 866 4540 llheraret
876 4485 1031 4541 vulneratos
1041 4486 1147 4540 etmul-
1195 4484 1419 4539 morehomiuum
1431 4485 1530 4542 debeo
1546 4484 1663 4558 loquitur
1673 4486 1812 4561 Scriptura
1825 4502 1856 4548 nt
1866 4497 1988 4568 apertius

358 4590 413 4635 tam
435 4579 542 4635 turham
564 4591 655 4633 sccnm
677 4576 806 4632 traheret.
822 4577 942 4648 benique
956 4586 1098 4649 postquam
1112 4580 1146 4637 ah
1195 4573 1366 4644 maiestatem
1388 4585 1470 4646 atque
1493 4579 1642 4648 potentiam
1661 4581 1701 4637 sui
1716 4584 1848 4641 creatoris
1863 4587 1989 4648 homiues

355 4669 465 4728 «iericho
478 4668 565 4725 soluit
575 4668 676 4740 egredi,
692 4677 780 4724 secuta
791 4678 828 4723 est
843 4685 901 4723 euru
914 4671 991 4726 turia
1006 4670 1099 4725 multa.
1116 4671 1145 4726 Si
1195 4666 1370 4739 intelligant:
1398 4677 1427 4724 et
1452 4669 1632 4741 intelligentes
1657 4688 1716 4743 quae
1746 4675 1781 4730 sit
1797 4676 1923 4737 voluntas
1941 4680 1988 4740 oet

356 4762 501 4819 pransisset
513 4760 707 4833 hierosolymis
719 4767 747 4817 et
763 4776 901 4831 uunquam
923 4761 956 4818 ad
975 4762 1087 4818 humilia
1100 4765 1146 4822 de
1195 4774 1277 4831 opere
1289 4761 1436 4831 adimplere
1449 4765 1622 4830 contendant,
1644 4767 1716 4824 uude
1735 4771 1830 4839 gaudia
1851 4773 1904 4830 sihi
1917 4790 1989 4832 sem-

356 4854 517 4920 sceudisset,
532 4850 610 4907 tndra
623 4866 709 4922 usque
732 4850 812 4907 hodic
825 4852 929 4908 sederet
945 4852 971 4907 iu
985 4854 1105 4909 tenebris
1118 4862 1146 4910 et
1159 4888 1185 4948 D
1197 4851 1304 4922 piterna
1321 4853 1492 4922 conquirant.
1509 4852 1647 4923 Sequitur,
1671 4868 1699 4911 at
1715 4875 1758 4914 eos
1768 4861 1866 4917 renitet
1879 4864 1907 4920 in
1921 4876 1988 4922 terrr-

357 4944 453 4999 umbra
466 4943 570 5000 mortis.
582 4941 636 4998 Sed
649 4949 678 4999 et
699 4942 751 4998 duo
769 4942 833 4998 caeci
860 4936 938 4998 erant
956 4942 1034 5015 justa
1055 4944 1144 5012 riam;
1196 4958 1258 5014 pore
1271 4941 1437 4997 visitationis.
1446 4941 1514 5009 Quia
1524 4944 1646 5014 quisquis
1657 4946 1701 5003 hic
1715 4947 1741 5003 in
1749 4954 1877 5020 praesenti
1888 4958 1989 5015 secuto

356 5047 445 5091 cocos
464 5032 590 5103 appellat,
605 5033 650 5102 qui
664 5031 779 5088 necdum
794 5032 884 5088 dicere
906 5042 1033 5102 poterant
1050 5033 1078 5088 in
1104 5033 1146 5088 lu·
1195 5031 1254 5102 ejus
1267 5048 1297 5089 sc
1309 5033 1458 5088 subdiderit
1471 5034 1602 5089 uoluntati
1617 5044 1645 5091 et
1666 5041 1807 5111 praeceptis
1819 5040 1879 5112 ejus
1891 5061 1988 5104 asson.

358 5126 431 5183 utine
451 5131 497 5179 tuo
512 5122 661 5179 ridebimus
675 5122 775 5177 lumen.
793 5119 878 5179 Serus
899 5123 970 5178 tiam
995 5123 1058 5193 quia
1071 5123 1147 5179 ride·
1196 5139 1258 5206 snm⁴
1281 5126 1502 5194 commodaverit,
1529 5135 1557 5181 et
1579 5142 1623 5195 ea,
1637 5138 1768 5200 quantum
1794 5134 1886 5192 divina
1898 5143 1988 5211 matis

358 5217 457 5272 huntur
468 5211 575 5284 quidem
589 5211 690 5267 hahere
701 5212 768 5283 legis
780 5212 924 5269 notitiam:
939 5214 987 5270 sed
999 5214 1070 5269 riam
1085 5229 1146 5285 quae
1196 5228 1276 5287 posse
1295 5213 1410 5281 dederit,
1421 5216 1549 5287 operibus
1575 5218 1722 5289 adimplere
1744 5226 1875 5297 sategerit
1896 5234 1990 5290 caruis

358 5305 482 5361 Christus
496 5309 538 5356 est
561 5300 721 5373 ignorabant
739 5315 747 5356 ε
765 5317 832 5374 quos
852 5302 975 5374 plerique
994 5303 1147 5362 Pnartsaos
1196 5304 1351 5376 superbiam
1370 5306 1544 5375 conterendo,
1560 5305 1588 5362 in
1608 5308 1651 5368 dic
1676 5310 1777 5367 ultimis
1802 5300 1990 5380 retributioni.

359 5393 511 5464 intelligunt
521 5389 726 5457 etSadducaeos,
737 5390 782 5445 alii
792 5406 856 5448 sero
867 5392 1145 5464 utrumquepopulum
1196 5395 1387 5451 exaltabiture
1406 5396 1520 5453 Domino
1532 5408 1613 5469 atque
1639 5401 1673 5455 ad
1687 5410 1796 5461 aetemac
1810 5406 1990 5472 beatitudinis

358 5489 387 5537 et
398 5480 505 5537 Veteris
518 5478 682 5534 Testamenti
696 5487 724 5534 et
740 5477 807 5535 Nori
822 5498 828 5535 :
845 5482 916 5551 quod
929 5482 998 5537 alter
1016 5482 1145 5552 scriptam
1196 5486 1306 5557 praemia
1319 5487 1502 5557 perducetur:
1522 5486 1630 5545 Omnem
1649 5491 1851 5552 sollicitudinem
1865 5513 1988 5574 restruet,

358 5572 456 5645 legem.
472 5570 541 5625 alter
555 5569 706 5625 naturalem
719 5584 835 5641 sequens
848 5572 907 5627 sine
929 5571 1037 5628 Christo
1056 5587 1146 5629 caccus
1195 5576 1361 5648 projicientes
1373 5578 1402 5632 iu
1420 5593 1499 5633 earu:
1512 5580 1635 5650 quonium
1648 5581 1697 5653 ipsi
1716 5600 1780 5639 curu
1793 5595 1831 5641 est
1845 5587 1965 5650 drocus
1982 5608 1989 5623 ·

358 5661 473 5719 ereutii
488 5661 552 5732 quia
566 5675 614 5733 per
628 5662 761 5717 seridere
781 5678 835 5718 nou
852 5672 987 5735 poterant,
1003 5666 1146 5722 audierunt
1196 5676 1225 5722 ut
1237 5666 1379 5722 Psalmista
1402 5683 1452 5724 nos
1469 5668 1606 5735 admonet,
1624 5670 1728 5737 dicens,
1748 5674 1823 5743 jacto
1843 5682 1990 5751 cogitmuus

358 5754 493 5827 preconia
507 5752 656 5809 Salvatoris
668 5761 696 5809 et
719 5752 834 5809 confessi
858 5763 921 5811 sunt
943 5755 1027 5812 hlium
1048 5757 1142 5813 David.
1198 5770 1272 5813 tuum
1286 5760 1314 5813 iu
1327 5758 1411 5813 Deum
1421 5769 1445 5814 et
1458 5760 1511 5829 ipse
1524 5770 1549 5814 te
1560 5763 1682 5816 entttriet.
1699 5763 1733 5818 Et
1753 5765 1828 5831 alibi,
1841 5784 1990 5839 quaerentes

359 5843 407 5899 Sin
420 5852 509 5899 autern
528 5852 643 5913 uterque
664 5858 751 5898 caecus
765 5843 881 5899 retertur
897 5847 930 5901 ad
943 5848 1073 5917 populum
1097 5848 1146 5905 lu·
1198 5858 1284 5903 autent
1301 5848 1442 5903 Dominum
1461 5865 1513 5904 nou
1536 5850 1657 5920 deficient
1675 5854 1745 5908 omni
1770 5854 1847 5911 leno.
1873 5858 1910 5916 Et
1932 5862 1991 5935 ipse

358 5936 498 5992 duorum:
515 5934 566 5991 hoc
578 5933 650 6005 quod
664 5934 799 6005 sequitur,
817 5934 968 6007 increpabat
988 5954 1032 5993 eos
1054 5942 1143 6005 turta,
1197 5941 1327 5998 [lominus
1340 5941 1367 5995 in
1381 5940 1544 6011 Evangelio:
1561 5941 1651 5998 Nolite
1664 5942 1770 6000 solliciti
1793 5964 1849 6003 esse
1871 5949 1992 6011 direntes

359 6039 441 6095 utper
456 6024 579 6081 ethnicos
594 6022 807 6095 intelligendum,
827 6038 894 6095 quos
917 6024 1062 6096 Apostolus
1083 6042 1142 6084 mo·
1195 6031 1259 6103 quid
1270 6029 1486 6085 manducabimus
1498 6041 1543 6085 out
1554 6032 1617 6103 quid
1629 6032 1820 6090 iiiemusescit
1831 6039 1903 6093 enirn
1915 6051 1993 6112 puter

361 6122 426 6181 net,
453 6130 486 6170 ne
510 6114 658 6186 glorientur
676 6124 703 6170 et
726 6113 884 6185 superbiant
905 6127 998 6173 eontra
1022 6119 1143 6176 radicem
1195 6121 1352 6192 neterque
1371 6120 1412 6175 leis
1425 6121 1689 6193 eustominusque.
1710 6122 1827 6190 operite
1852 6142 1917 6196 ergo
1932 6132 1991 6201 pri.
