4500 6842
258 598 318 658 sas
797 598 951 658 counire
971 599 1004 654 ts
1022 597 1152 655 sirloc.
1175 600 1219 655 nr
1240 599 1348 657 srtsr.
1433 560 1440 575 ⁶
1845 611 1899 666 eat

258 735 471 794 egumenus,
497 720 527 778 iu
544 733 599 790 qua
620 718 704 776 etiarn
722 716 746 774 si
765 718 888 788 quaedam
912 713 1053 772 conantotla
1067 723 1091 777 Λ
1105 722 1180 769 ctum
1205 713 1379 786 Euangeliou
1404 716 1445 773 rel
1472 717 1617 774 insensatis
1637 719 1729 784 rebus,
1753 722 1793 776 nel
1813 725 1901 783 lrrrrtis

257 814 448 879 blandiuntur,
470 827 525 868 non
549 811 733 882 amplectenda
758 819 821 866 sunt
847 809 981 880 nequiter,
1006 805 1054 864 sed
1106 805 1270 863 animalibus
1286 807 1377 863 luerat
1390 809 1611 880 praedicandum,
1636 819 1666 866 ιιι
1685 811 1745 867 irlco
1762 812 1901 885 discipulis

258 902 435 973 despicienda
452 909 515 966 sunt
532 900 648 958 sortiter.
669 899 743 966 ldeo,
758 899 925 955 dilectissimi
941 897 1053 962 iratres,
1105 894 1224 961 dicatur,
1240 898 1381 967 predicate
1398 899 1469 953 omni
1483 899 1632 953 erecturrri
1650 898 1703 954 Sed
1722 901 1812 957 omnis
1824 913 1901 958 cres·-

257 992 282 1047 si
295 992 447 1047 ascendere
459 989 542 1044 vultis
556 989 584 1044 in
600 987 711 1053 coelum,
726 988 779 1044 boc
799 989 825 1042 in
841 1003 890 1058 spe
905 993 998 1041 nostra
1015 984 1055 1039 in·
1105 994 1174 1041 turn
1196 986 1304 1041 nominc
1318 996 1406 1058 potest
1425 988 1514 1044 omnis
1533 1003 1596 1044 earo
1613 989 1732 1061 gentium
1753 990 1899 1062 desigrrmi.

257 1081 341 1136 terim
356 1081 535 1144 roburemns;
552 1077 578 1132 in
590 1073 644 1134 boc
664 1075 736 1133 rotis
751 1077 878 1132 omuibus
896 1085 1053 1140 aesttremns,
1104 1076 1175 1133 llutc
1186 1077 1285 1133 etenim
1301 1079 1403 1134 dietum
1418 1078 1504 1134 irrorat
1516 1098 1523 1133 :
1535 1081 1562 1134 in
1577 1082 1645 1134 ιιιιιιιι
1656 1082 1771 1152 pendunt
1787 1099 1819 1137 nc
1830 1083 1901 1140 ebic-

256 1172 311 1228 boc
326 1170 489 1225 meditemur
505 1168 533 1222 in
555 1168 647 1234 terris,
661 1168 733 1237 quod
748 1175 936 1237 computamur
955 1167 983 1221 in
997 1179 1055 1221 coe·
1105 1165 1178 1233 ritis,
1209 1184 1282 1225 nunc
1307 1177 1397 1225 atttcrn
1422 1169 1536 1233 dicitnr,
1558 1172 1700 1241 prodiente
1727 1172 1900 1243 Enunpeliant

255 1264 301 1320 lis.
321 1263 400 1318 Tunc
414 1261 523 1316 exuturi
538 1260 629 1316 carnis
642 1259 818 1324 mortalitate,
836 1275 908 1315 nunc
921 1273 1053 1314 exeramus
1105 1261 1337 1325 omnicreatorem·
1359 1269 1388 1315 ιιι
1407 1260 1510 1316 scilicet
1531 1261 1633 1331 prirrsa
1649 1259 1740 1317 iudaea
1764 1263 1900 1333 apostolo·

256 1356 381 1410 animum
395 1361 546 1417 vetustate;
570 1351 648 1407 facile
664 1352 736 1406 enirn
751 1367 850 1422 corpus
871 1350 1005 1406 levabitur
1024 1350 1051 1404 ιιι
1105 1365 1164 1405 nint
1179 1351 1283 1421 repulsa
1297 1352 1461 1423 pertenientia,
1475 1361 1538 1407 tune
1553 1350 1837 1421 nobisinadlutoriurn
1850 1352 1898 1407 lle·

254 1445 311 1500 alta
324 1444 470 1508 crebrum,
490 1443 513 1498 si
535 1457 588 1496 non
607 1449 712 1512 premat
727 1441 853 1512 spiritum
871 1440 977 1496 sarcina
989 1453 1053 1509 pec·
1104 1447 1231 1506 rct,cmn
1248 1439 1318 1496 lnrne
1333 1441 1425 1496 illaad
1440 1441 1622 1496 damnationis
1638 1454 1695 1496 sum
1713 1440 1898 1497 testimonium

253 1547 393 1592 catorum.
408 1535 587 1606 Quapropter,
601 1531 780 1596 dilectissimi,
795 1532 934 1601 erigamur
944 1530 979 1585 ad
989 1543 1050 1583 enm
1103 1533 1219 1601 superba
1236 1532 1388 1603 repulisset.
1401 1532 1453 1599 Qui
1463 1532 1601 1587 crediderit
1611 1539 1636 1585 et
1649 1529 1795 1603 baptizatus
1806 1532 1897 1603 sunit,

254 1630 304 1700 spui
317 1628 456 1699 pulverem
476 1636 577 1683 nostre
593 1623 753 1694 abjectionis
766 1639 864 1695 corpus
877 1619 941 1679 lecit
958 1622 1051 1692 gloriar
1102 1621 1189 1677 solans
1209 1622 1275 1677 erit:
1296 1623 1340 1695 qni
1361 1637 1420 1677 cero
1434 1639 1485 1677 non
1499 1622 1649 1687 crediderit,
1670 1622 1895 1676 condemnabitur.

252 1735 323 1784 suae,
337 1727 367 1773 et
378 1728 407 1773 ut
419 1716 585 1774 ascensionis
595 1716 654 1786 ejus
666 1729 820 1770 mereamur
833 1729 893 1770 csse
910 1721 1051 1770 consortes
1102 1713 1229 1772 Fortasse
1243 1716 1428 1787 trnrrsqnisque
1451 1716 1521 1788 apud
1544 1713 1718 1784 semetipsum
1731 1712 1804 1769 diest
1817 1731 1824 1768 ι
1838 1713 1896 1784 Ego

252 1808 403 1862 humilitati
414 1806 587 1877 etpatientiae
601 1802 686 1876 ipsius
695 1821 744 1876 per
757 1805 848 1860 omnia
858 1820 1049 1876 congruamus.
1098 1807 1156 1876 jam
1171 1806 1284 1871 credidi,
1300 1803 1392 1861 salvus
1406 1819 1467 1871 ero;
1481 1818 1576 1859 rerum
1587 1802 1662 1868 dicit,
1678 1803 1701 1857 si
1713 1802 1793 1858 iidem
1806 1803 1896 1873 operi·

251 1898 343 1970 regni
362 1897 481 1954 nominis
501 1895 633 1951 malitiam
658 1894 761 1968 [Fortu
776 1894 923 1967 militiam],
945 1909 1050 1965 magstat
1102 1895 1154 1951 bus
1172 1904 1340 1952 tenettsera
1359 1896 1459 1951 etenim
1474 1895 1542 1950 lldes
1558 1902 1600 1950 est
1621 1909 1682 1964 quar
1704 1894 1732 1948 in
1756 1894 1808 1949 lroe
1822 1893 1894 1963 quod

250 1988 443 2060 promissionis
474 1986 643 2058 suscepimus
674 1985 853 2056 disciplinam.
893 1983 1049 2040 Sectatores
1100 1987 1192 2041 serbis
1205 1985 1272 2042 dicit
1285 1987 1407 2042 moribus
1424 2001 1479 2040 non
1495 1985 1665 2040 contradicit.
1680 1984 1750 2039 liinc
1765 1983 1892 2039 estenim

250 2079 354 2136 Cirristi
368 2078 535 2135 discederes
555 2076 628 2147 regia
648 2092 701 2132 non
717 2076 781 2132 licet
795 2076 852 2148 ria,
873 2090 922 2130 nee
936 2075 1046 2148 dipsium
1061 2069 1085 2128 B
1099 2077 1171 2147 quod
1184 2077 1218 2132 dc
1232 2076 1392 2148 qubusdam
1412 2075 1489 2131 falsis
1501 2075 1625 2131 lldelibus
1645 2073 1744 2129 Paulus
1756 2073 1832 2138 dicit,
1847 2073 1892 2141 qui

251 2177 295 2226 est
310 2167 507 2239 temporalibus
523 2167 651 2238 ocmrpari
676 2168 710 2222 ad
724 2175 825 2220 aeoerrra
842 2165 991 2221 madentes.
1012 2165 1047 2220 Et
1096 2165 1255 2235 confitentur
1275 2182 1302 2220 se
1313 2180 1388 2220 nosse
1403 2163 1495 2229 licant,
1507 2163 1586 2234 {cetis
1600 2172 1688 2217 autern
1704 2171 1808 2233 nebunt.
1821 2161 1892 2217 llinc

249 2261 315 2330 quia
329 2258 452 2330 pretioso
465 2258 596 2328 sanguiue
607 2255 708 2312 Christi
728 2253 858 2326 redempti
870 2269 973 2321 sumus,
987 2255 1046 2328 glo·
1095 2253 1214 2312 loannes
1224 2256 1263 2310 ait
1276 2275 1282 2310 :
1297 2254 1349 2322 Qui
1360 2256 1424 2309 dicit
1436 2271 1464 2310 se
1474 2271 1549 2309 nosse
1559 2253 1643 2309 Dcunr
1655 2264 1678 2309 ct
1694 2253 1821 2308 mamete
1832 2253 1890 2321 ejus

248 2351 390 2408 rillcemus
399 2356 429 2404 et
439 2357 580 2421 portemus
589 2348 674 2404 Deum
686 2348 713 2403 ιιι
727 2362 840 2417 corpore
852 2356 956 2413 nostro,
967 2357 997 2402 ut
1009 2347 1045 2404 ad
1095 2362 1148 2401 reon
1166 2346 1290 2409 custodit,
1310 2344 1481 2400 mendenen.
1501 2342 1570 2399 Cum
1595 2350 1685 2400 autern
1705 2342 1823 2410 dicatur,
1843 2343 1889 2413 qai

247 2457 280 2498 ea
290 2455 355 2510 tpuae
369 2438 494 2494 fidelibus
510 2437 667 2508 peremnia
691 2445 755 2492 sunt
772 2446 925 2508 preparata
950 2452 1045 2507 perre-
1094 2456 1154 2495 eero
1169 2456 1220 2495 non
1232 2438 1382 2502 crediderit,
1394 2434 1617 2499 condemnabitur,
1631 2435 1696 2505 quid
1709 2434 1753 2490 bic
1767 2434 1889 2490 dicemus

248 2511 307 2586 nire
319 2543 488 2584 mereamur.
502 2527 554 2582 Per
569 2526 713 2582 Dominum
727 2533 849 2581 nostrum
860 2521 953 2582 lesum
965 2524 1044 2582 ctnt-
1095 2531 1129 2586 tie
1141 2529 1273 2601 portulis,
1288 2529 1333 2600 qrri
1353 2535 1520 2599 permutem
1539 2524 1628 2580 adbuc
1641 2524 1754 2580 credere
1771 2537 1826 2579 nou
1840 2538 1889 2578 ta·

250 2629 331 2688 stusu,
352 2620 401 2691 il¹¹i
413 2635 476 2674 Μ]
493 2618 550 2674 ⁰⁰0
569 2616 650 2673 Pistre
663 2624 691 2671 el
713 2614 815 2687 Sillim
826 2625 922 2672 Sisscw
936 2616 1002 2672 lilii
1016 2624 1044 2673 ei
1093 2622 1240 2690 lent,nam
1255 2621 1288 2675 dc
1302 2619 1449 2691 majoribus
1462 2616 1534 2672 nulla
1549 2616 1663 2687 questio
1676 2615 1737 2671 esti
1748 2614 1775 2669 in
1795 2612 1888 2669 Eccle-

250 2721 346 2784 ηψπ
360 2711 433 2766 Deus
446 2724 497 2781 per
509 2708 601 2763 omnia
613 2707 711 2764 saecula
722 2706 893 2763 mulorum·
907 2705 1005 2764 Amen·
1091 2716 1134 2772 sia
1145 2726 1209 2784 crgo
1221 2711 1370 2768 Satn-atonis
1380 2725 1429 2782 per
1440 2710 1508 2765 alios
1518 2707 1624 2780 parvuli
1637 2706 1841 2772 eredunt,sicut
1851 2720 1886 2761 ex

512 2822 653 2880 popum
673 2820 775 2877 mu,
1090 2807 1153 2878 aliis
1172 2821 1215 2876 ea,
1228 2821 1289 2879 quae
1303 2803 1356 2861 illis
1376 2804 1403 2859 in
1419 2801 1552 2874 baptismo
1572 2799 1756 2863 remittuntur,
1774 2804 1885 2867 peccata

523 2911 550 2951 tn
569 2909 658 2950 nonen
676 2909 760 2949 resno
951 2956 958 2964 ¹
1093 2907 1245 2958 traxerunt,
1686 2913 1688 2918 ·

298 2987 397 3046 laelio
415 2987 503 3046 belteil
520 2986 661 3057 Evangelii
682 2985 832 3042 secundum
854 2981 986 3042 Hircum-
1128 2989 1213 3066 stqna
1233 3001 1321 3047 autent
1343 3007 1387 3046 eos
1407 2989 1453 3061 pai
1468 2986 1627 3043 crediderint
1652 2984 1708 3042 luce
1726 2992 1884 3056 sequntur:

281 3079 315 3135 in
335 3079 385 3136 illo
407 3089 521 3151 ternpore
545 3079 683 3134 nouissime
697 3078 903 3134 recumbentibus
920 3078 1041 3134 undecim
1090 3082 1119 3136 in
1139 3080 1243 3137 rumine
1267 3097 1324 3136 nteo
1346 3077 1450 3151 ejicient
1470 3079 1610 3143 demonic,
1627 3076 1731 3154 linquis
1747 3075 1886 3145 loeaentrtr

249 3168 397 3240 discipulis,
410 3168 533 3239 apparuit
549 3167 637 3234 «lesus,
649 3176 673 3221 et
687 3166 851 3237 exprobrauit
866 3166 1039 3221 r’nereduttra-
1090 3173 1182 3238 nor·is,·
1201 3182 1330 3242 serpentes
1351 3170 1440 3225 tollent
1452 3183 1461 3222 .·
1473 3179 1498 3224 et
1518 3169 1542 3225 si
1554 3167 1717 3238 mortiferam
1733 3167 1797 3239 qaid
1815 3167 1885 3221 bibe·

248 3271 295 3316 teu
311 3277 407 3316 eoram
426 3270 450 3314 et
465 3259 591 3314 durdiuot
609 3259 708 3325 cordis,
720 3259 783 3331 quio
805 3258 846 3314 bis
863 3259 908 3330 qui
921 3243 1040 3314 uideram
1090 3263 1153 3329 ιιιιι,
1169 3281 1220 3319 nen
1232 3263 1270 3317 eis
1287 3263 1403 3328 nocebit,·
1413 3275 1492 3334 super
1504 3277 1588 3332 apros
1600 3275 1694 3315 monus
1704 3260 1848 3331 intpcnent,
1859 3267 1885 3313 et

248 3368 302 3406 sest
318 3350 496 3408 resurrexisse
511 3366 563 3405 nou
578 3350 756 3404 crediderunt.
1091 3351 1155 3409 bene
1167 3351 1307 3408 debebunt.
1323 3351 1449 3423 Nnnqoid
1460 3352 1588 3423 quoniam
1602 3350 1680 3422 signa
1690 3364 1744 3407 neu
1758 3350 1883 3414 isumus,

281 3441 425 3510 monada
440 3441 601 3497 amississet
611 3440 689 3510 quasi
696 3439 754 3510 jam
772 3441 843 3497 nltm
855 3457 917 3498 eum
931 3457 986 3499 nou
1000 3424 1074 3497 ric
1090 3443 1202 3499 minime
1217 3435 1371 3499 eredimus?
1396 3443 1450 3498 Sed
1476 3443 1533 3497 buc
1551 3440 1705 3497 necessaria
1720 3439 1749 3496 in
1772 3439 1885 3496 exordio

248 3532 550 3590 derentmorissimum
563 3532 662 3603 quippe
677 3532 744 3588 illud
754 3541 797 3589 est
807 3533 880 3603 quod
894 3534 1038 3590 Demittunt
1089 3533 1218 3590 Ecclesia
1231 3533 1488 3590 lueruntzutenim
1502 3532 1569 3589 lldcs
1588 3529 1756 3588 credentium
1777 3543 1885 3586 eresce-

248 3623 359 3696 apostoli
379 3624 409 3680 in
428 3631 503 3679 terra
517 3623 774 3693 viderunt,quando
793 3625 917 3680 aseendit
935 3625 963 3678 in
983 3639 1039 3680 eoe·
1088 3633 1141 3692 ret,
1153 3624 1292 3682 miraculis
1304 3623 1392 3681 luerat
1405 3623 1560 3691 nutrienda,
1573 3623 1636 3694 qula
1649 3631 1677 3679 et
1695 3637 1745 3679 nce
1763 3637 1826 3678 curo
1839 3635 1884 3677 ar-

247 3715 309 3784 bru,
323 3717 400 3787 quod
412 3714 513 3772 iactum
529 3724 572 3772 est
585 3716 791 3788 quadragesima
808 3717 853 3773 dle
867 3726 929 3789 post
948 3732 1038 3774 restr-
1087 3715 1166 3772 busta
1178 3714 1343 3788 plantamus,
1353 3715 1447 3770 tandiu
1458 3714 1500 3771 eis
1511 3729 1610 3785 aqueus
1625 3712 1773 3780 ῆιιιιιιιιιιιι,
1784 3727 1884 3783 quous

248 3806 405 3862 rectionem.
433 3804 624 3876 Nunquidnam
646 3813 711 3860 tunc
740 3805 955 3875 exprobratums
978 3816 1037 3863 erat
1087 3821 1141 3877 quc
1154 3822 1186 3862 ca
1198 3807 1225 3862 in
1240 3816 1313 3863 terra
1327 3805 1495 3862 convaluisse
1505 3805 1643 3872 videnum
1656 3814 1686 3862 at
1699 3805 1723 3861 si
1739 3805 1822 3862 semel
1835 3819 1881 3860 ra·

248 3897 313 3967 quod
327 3912 385 3952 non
406 3896 585 3952 credidissent
604 3895 775 3965 eisquieum
798 3896 925 3951 viderunt
945 3912 1038 3953 resur·
1087 3897 1176 3953 dicem
1197 3898 1319 3965 ssxerint,
1343 3897 1467 3968 irrigatio
1488 3896 1616 3953 cessabit.
1631 3896 1701 3952 llinc
1719 3905 1762 3953 est
1780 3897 1881 3952 etenim

247 3990 358 4054 rexisse,
371 3988 480 4059 qrrando
502 3987 584 4044 ctiam
603 3996 632 4043 et
653 3987 705 4057 ipsi
723 3994 787 4058 post
810 3988 1037 4044 resurrectionem
1086 3989 1159 4059 quod
1175 3988 1275 4044 Paulus
1289 3988 1375 4045 dicit:
1389 3987 1539 4059 binpuein
1557 3988 1634 4058 siena
1650 3996 1711 4042 sant
1732 4001 1785 4042 nen
1796 3987 1882 4056 fideli-

246 4081 322 4136 toties
332 4095 397 4136 eum
414 4079 559 4134 siderant?
568 4078 635 4134 lllud
649 4095 714 4150 ergo
732 4081 880 4152 accipimus
895 4090 956 4152 post
968 4082 1037 4136 mul·
1086 4081 1146 4146 bats,
1159 4079 1205 4134 sed
1222 4079 1383 4149 infidelibus.
1398 4076 1440 4131 lin
1454 4076 1585 4132 babemus
1598 4076 1633 4132 de
1649 4076 1692 4132 lris
1702 4076 1787 4148 signis
1799 4085 1882 4147 atquc

245 4178 284 4227 tas
305 4172 554 4228 demonstrationes
577 4170 644 4239 eius,
661 4172 760 4243 quibus
780 4188 830 4243 per
844 4172 903 4230 dies
919 4175 1037 4244 quadra·
1085 4171 1240 4237 ninnium,
1259 4187 1319 4241 quae
1339 4169 1428 4225 adhuc
1448 4167 1573 4226 subtilius
1597 4168 1771 4225 considerare
1782 4168 1882 4225 debea-

244 4265 314 4334 puta
337 4261 477 4334 discipulis
490 4271 671 4333 presentatus
693 4270 745 4329 est,
765 4277 828 4318 cum
848 4264 931 4318 etiarn
946 4263 1036 4319 tauris·
1086 4263 1165 4318 mus?
1187 4261 1288 4318 Sancta
1313 4260 1413 4333 quippe
1432 4258 1555 4316 Ecclesia
1579 4258 1701 4330 quotidie
1720 4259 1881 4331 spiritaliter

244 4355 311 4410 siure
332 4353 554 4410 recumbentibus
575 4354 630 4410 illis
654 4354 781 4422 urrdeeim
807 4356 981 4427 apparuisse,
1008 4355 1035 4410 irl
1086 4349 1151 4408 iacit
1165 4353 1235 4423 quod
1251 4361 1316 4407 utne
1335 4367 1385 4423 per
1398 4350 1534 4423 apostolos
1556 4350 1733 4422 corptcraliter
1749 4350 1879 4409 iaciebat.

243 4453 291 4508 cst,
312 4446 374 4516 ipso
390 4444 599 4515 quadragesimo
617 4443 672 4513 die,
703 4446 881 4516 etquonrotlo
900 4446 958 4516 jam
975 4454 1035 4502 crat
1085 4441 1153 4498 Nam
1176 4443 1332 4499 sacerdotes
1350 4441 1409 4512 elus
1433 4458 1495 4498 rum
1520 4458 1570 4514 per
1595 4443 1741 4501 exorcismi
1763 4446 1879 4518 mabam

242 4533 329 4590 abeis
343 4533 545 4588 ascensurusin
560 4531 669 4600 coelum,
682 4534 784 4590 lroeeis
796 4534 843 4590 illo
858 4535 902 4596 dic
917 4538 1035 4593 maxime
1085 4549 1196 4590 marram
1211 4534 1383 4590 credentibus
1398 4533 1549 4604 imponunt,
1566 4542 1594 4589 ct
1609 4532 1734 4589 habitare
1745 4533 1880 4605 indignos

242 4624 409 4696 exprobrare
424 4623 551 4691 soluisse,
566 4625 638 4694 quod
654 4623 697 4681 bis
711 4626 756 4694 qni
772 4626 896 4681 viderant
910 4642 972 4682 enan
992 4643 1034 4684 re·
1084 4623 1196 4695 spiritns
1216 4624 1242 4678 in
1265 4639 1360 4679 eorum
1381 4633 1472 4680 mente
1499 4624 1698 4689 contradicunt,
1717 4624 1783 4693 quid
1803 4624 1879 4681 aliud

243 4716 395 4772 surrexisse
409 4730 462 4771 non
473 4716 647 4772 crediderant
657 4726 803 4786 antequam
818 4717 868 4787 ipsi
883 4732 944 4773 eum
956 4718 1032 4773 ride·
1086 4713 1189 4773 iacitmt
1202 4715 1255 4773 nisi
1275 4715 1408 4772 daemonia
1427 4716 1555 4787 ejiciunt?
1566 4715 1600 4770 lit
1615 4714 1707 4771 noctes
1718 4716 1819 4787 quique
1831 4718 1879 4787 qui

243 4810 493 4879 rent,cumutir1ue
511 4816 573 4879 post
586 4809 774 4865 ascensionem
795 4824 871 4865 suain
883 4810 1032 4879 paedican-
1045 4777 1140 4879 Djanr
1166 4805 1229 4862 rite
1252 4805 1354 4862 veteris
1374 4806 1513 4862 secularia
1536 4805 1662 4861 insonant
1686 4804 1781 4878 [Forte
1799 4805 1878 4864 mise·

242 4903 312 4959 tibus
332 4902 387 4957 illis
405 4901 592 4973 Evangeliutm
616 4910 711 4971 gentes
730 4902 803 4971 qnod
831 4918 885 4957 non
906 4902 1033 4958 uiderunt
1084 4899 1168 4974 runt],
1183 4899 1334 4955 conditoris
1346 4900 1387 4955 sui
1404 4899 1510 4955 undem
1524 4908 1552 4955 et
1571 4900 1732 4971 potentiam,
1744 4909 1877 4972 quantum

242 4991 342 5050 luerint
360 4991 517 5048 creditura.
543 4991 609 5046 Post
633 4991 707 5046 illam
725 4993 825 5062 quippe
847 4991 1033 5062 exprobratio
1082 4994 1239 5066 prevalent,
1260 5001 1389 5064 narrant,
1412 4992 1476 5063 qnid
1496 4992 1568 5049 aliud
1590 4993 1703 5056 iaciunt,
1727 4994 1780 5050 nisi
1798 4996 1876 5050 noris

242 5101 300 5142 neu
316 5094 428 5142 secutus
438 5085 477 5139 ait
490 5084 560 5139 idem
580 5081 695 5138 llarcns.
1082 5088 1181 5160 linguis
1195 5087 1357 5157 loquuntur?
1369 5088 1415 5157 qui
1430 5085 1494 5140 dum
1505 5086 1584 5142 bonis
1602 5086 1659 5143 suis
1679 5087 1877 5143 exhortationi-

272 5177 307 5234 Et
318 5178 388 5232 dixit
400 5179 456 5232 eis:
471 5175 570 5231 Eantes
582 5176 609 5230 in
629 5176 755 5230 mundum
769 5176 918 5230 uniuersum
935 5175 1032 5247 predi·
1081 5180 1134 5235 bus
1148 5178 1278 5234 malitiam
1293 5178 1326 5235 dc
1337 5177 1434 5234 alienis
1447 5179 1575 5235 cordibus
1586 5178 1719 5242 auferunt,
1735 5188 1876 5250 serpentes

242 5278 294 5323 cate
313 5267 486 5337 Ecurrpelium
501 5268 572 5320 cntni
581 5276 719 5320 ereutttrrr.
736 5266 788 5340 Qui
799 5266 937 5321 crediderit
949 5276 974 5321 et
986 5267 1030 5321 be·
1084 5267 1181 5324 tollunt
1193 5285 1201 5336 ;
1214 5277 1242 5324 et
1255 5269 1319 5324 (lum
1334 5266 1478 5340 pestiferas
1489 5269 1631 5326 suasiones
1641 5269 1763 5336 audiunt,
1775 5271 1823 5326 sed
1835 5278 1876 5325 la·

242 5359 352 5426 paetus
365 5356 458 5428 suerit,
475 5357 563 5411 sulcus
583 5357 653 5411 erit:
669 5357 714 5422 qui
726 5373 786 5411 nero
806 5374 858 5413 non
881 5355 1030 5421 crediderit,
1083 5374 1145 5416 men
1172 5359 1207 5414 ad
1229 5356 1413 5431 operationem
1434 5373 1544 5429 pravam
1565 5360 1676 5415 minime
1702 5362 1874 5431 pertrabunt,

242 5451 466 5508 mndemnabitnr.
487 5450 543 5507 lloc
555 5467 620 5524 erpo
641 5453 822 5524 praedicaturi,
834 5454 969 5525 quomodo
984 5455 1031 5526 qni
1082 5448 1250 5504 mortiterum
1261 5449 1369 5529 qnidcnr
1383 5450 1507 5521 estquod
1520 5450 1627 5516 bibunt,
1640 5451 1687 5506 sed
1704 5467 1758 5508 non
1771 5453 1812 5509 eis
1825 5467 1874 5509 no-

242 5556 289 5598 neu
306 5542 456 5599 crediderit
469 5542 705 5608 condemnabitur,
730 5558 792 5599 cum
804 5544 843 5622 ¹id
864 5545 956 5615 utiquc
975 5561 1029 5601 non
1081 5539 1163 5597 sebit.
1176 5541 1229 5609 Qui
1249 5539 1506 5612 qarotiesprosimos
1519 5559 1583 5600 snos
1597 5544 1624 5599 in
1648 5545 1719 5601 bono
1732 5561 1814 5617 opere
1834 5547 1875 5601 in·

242 5630 385 5690 crediderit
397 5632 469 5700 uuod
482 5647 535 5687 non
550 5631 633 5698 ridit3
656 5648 746 5690 nonne
765 5634 814 5705 ipsi
828 5635 954 5706 primitus
966 5635 1027 5693 ine·
1084 5629 1188 5687 brmari
1200 5632 1379 5704 conspiciunt,
1395 5633 1457 5688 ιιιιιιι
1470 5635 1509 5690 eis
1523 5633 1686 5691 totarlrtute
1697 5642 1874 5700 concurrunt,

243 5731 300 5780 rant
311 5721 473 5796 objurgandi
487 5725 558 5796 quod
572 5733 716 5796 antequam
729 5726 872 5783 bornicum
883 5728 1026 5795 vidissent,
1082 5733 1111 5779 et
1123 5721 1247 5793 exemplo
1261 5738 1316 5779 suu
1330 5724 1496 5794 operationis
1510 5725 1617 5781 illorum
1633 5728 1715 5782 vium
1732 5727 1872 5791 roborant,

241 5825 289 5869 sorr
316 5813 484 5869 credideriut
504 5815 545 5870 cis
570 5815 668 5886 quibus
691 5815 820 5872 Dominus
840 5817 1028 5890 apparuisset?
1081 5819 1128 5888 qui
1143 5818 1171 5874 in
1186 5817 1295 5889 propria
1310 5819 1416 5875 actione
1429 5818 1592 5888 titubabant,
1605 5821 1669 5892 quid
1683 5819 1756 5874 aliud
1770 5817 1874 5875 iaciunt

241 5901 313 5970 euno
333 5920 400 5962 sero
412 5905 482 5962 titis
493 5907 533 5962 eis
545 5925 552 5960 ι
564 5907 666 5986 dantes
677 5909 703 5963 in
724 5910 851 5964 utundant
865 5910 1026 5976 uniuersum,
1080 5908 1132 5965 nisi
1144 5923 1225 5980 super
1234 5915 1352 5980 aegrotos
1363 5925 1459 5965 manus
1468 5909 1608 5980 imponunt
1620 5910 1725 5965 utbene
1736 5905 1872 5967 babecali

241 5995 378 6059 predicate
389 5993 560 6146 stagnorum
572 6000 643 6150 onacni
661 6009 798 6056 creature.
819 6000 945 6073 Nunquid
964 6014 1026 6056 sau·
1080 6001 1147 6071 Quae
1165 6001 1292 6059 nimirum
1315 6004 1444 6062 miracula
1462 6014 1537 6065 muto
1556 6008 1656 6079 majora
1677 6014 1751 6072 srtnt,
1770 6013 1872 6080 qttants

462 6104 576 6148 arnor..
628 6089 669 6150 x.
1652 6093 1673 6158 8
