4500 6842
301 625 356 684 dili
754 616 932 684 fflfflfif.
954 618 986 675 til
1005 618 1236 675 rztcttttttnbt.
1255 651 1291 662 -
1310 620 1374 678 Lib.
1396 621 1454 680 Xil.
1874 626 1928 684 fid

304 754 314 788 ι
335 731 534 807 fungentium
546 731 716 788 robustarum
727 731 761 787 ad
775 742 875 787 terram
891 731 1013 787 ultimam
1028 740 1091 784 cum
1107 738 1130 795 Α
1144 732 1171 786 in
1184 731 1346 800 profundum
1359 734 1467 791 inferni.
1484 735 1639 807 Diciturquc
1651 736 1686 793 ad
1708 751 1799 806 regem
1820 735 1927 808 AEggpti

305 845 315 879 ι
335 826 379 881 his
398 826 444 897 qui
467 824 633 880 alescendunt
655 824 683 880 in
704 822 805 878 lacurn.
827 822 886 889 ouo
907 821 1093 892 pulchriores
1145 836 1199 892 quo
1208 822 1927 883 melioresutmortemrnercariseradereicumerrlnr

305 938 315 972 r
337 918 470 974 descende
491 924 521 972 et
541 915 628 971 dormi
650 930 712 970 com
735 911 943 969 incircumcisis.
958 911 986 967 ln
1003 910 1093 966 rrredio
1144 911 1231 969 Assem
1243 922 1272 971 et
1285 914 1373 982 Elant,
1387 916 1413 972 id
1427 924 1469 972 cst
1481 916 1587 983 Persea,
1600 927 1628 973 et
1639 917 1758 983 llosocit,
1780 918 1826 987 qui
1848 918 1932 972 inter-

306 1028 316 1061 ι
337 995 541 1064 interfectorum
562 1004 652 1076 gladio
671 1005 778 1060 cadent.
803 1002 915 1059 Gladius
937 1006 1017 1058 datus
1040 1012 1093 1057 est.
1144 1012 1285 1072 protantur
1306 1002 1498 1076 Cappadoces;
1519 1015 1547 1062 et
1561 1006 1663 1063 Thebai
1678 1022 1745 1078 quos
1765 1007 1810 1062 alii
1828 1006 1931 1070 iherus,

306 1120 318 1152 ι
337 1100 370 1155 Et
382 1106 555 1154 attraxerunt
568 1110 629 1152 eam
650 1103 678 1153 et
701 1109 796 1151 omnes
817 1093 929 1166 populos
950 1095 1019 1165 ejus.
1040 1095 1094 1150 Lo-
1146 1091 1191 1148 aiii
1203 1092 1285 1149 italos
1297 1093 1411 1164 intelligi
1432 1095 1535 1161 roiurrt,
1548 1094 1655 1151 idumaei
1668 1112 1776 1167 quoque
1788 1096 1932 1153 etPrinci-

306 1209 317 1242 ι
336 1188 678 1261 quentureipotentissimi
697 1188 868 1243 robustorum
881 1187 915 1242 dc
937 1187 1027 1242 medio
1051 1187 1095 1242 in·
1144 1199 1194 1255 pes
1205 1184 1346 1256 Aquilonis
1359 1201 1393 1240 ac
1406 1184 1521 1248 Sidonii,
1537 1202 1600 1242 cum
1613 1188 1746 1242 universis
1768 1172 1932 1242 exercitibus

308 1299 318 1332 ι
340 1280 421 1346 ferni,
434 1280 479 1349 qui
493 1293 556 1334 cum
568 1277 774 1333 auxiliatoribus
786 1277 845 1347 ejus
856 1275 1056 1333 descerrderuut
1065 1287 1095 1334 et
1145 1275 1219 1341 suis,
1243 1289 1359 1345 quorum
1384 1273 1485 1330 auxilio
1514 1275 1653 1330 horrorem
1679 1275 1783 1331 eunctis
1809 1276 1934 1345 gentihus

308 1392 319 1425 ι
337 1371 508 1428 dormierunt
522 1368 703 1425 incircumcisi
724 1367 914 1438 interfectique
937 1367 1035 1439 gladio.
1054 1367 1093 1423 lbi
1144 1365 1329 1436 prrehuerunt,
1344 1364 1444 1420 mortui
1465 1365 1521 1420 sint
1533 1374 1561 1421 et
1576 1364 1711 1422 interfecti
1726 1365 1825 1434 gladio,
1837 1374 1865 1420 ct
1886 1356 1934 1435 po-

308 1460 421 1516 ‹tissur
435 1457 562 1515 etomnis
586 1454 730 1511 multitudo
751 1456 811 1527 ejus
833 1455 862 1511 in
884 1455 1000 1511 circuitu
1021 1455 1093 1511 illius
1146 1458 1250 1516 merim
1270 1458 1375 1531 gladios
1395 1473 1459 1514 suos
1481 1458 1532 1513 snb
1554 1458 1688 1529 capitibus
1711 1460 1777 1524 suis,
1802 1460 1873 1530 quod
1895 1460 1934 1514 di·

309 1572 319 1603 ι
340 1549 464 1620 sepulcra
478 1546 547 1617 ejus,
564 1561 660 1602 omncs
677 1545 820 1609 interfecti,
835 1544 921 1615 etqui
945 1544 1100 1601 ceciderant
1145 1557 1220 1606 ctum
1236 1552 1432 1628 ipperudrrpoo
1445 1549 1631 1619 accipiendum
1641 1559 1695 1615 est,
1713 1558 1740 1604 tu
1751 1549 1824 1605 solus
1832 1549 1934 1619 poteris

308 1660 317 1695 ι
334 1640 424 1713 gladio
437 1652 553 1710 quorum
576 1637 639 1711 data
663 1643 725 1691 sunt
740 1634 863 1707 scpulcra
888 1635 915 1689 in
938 1634 1095 1690 novissimis
1146 1652 1200 1691 non
1212 1638 1307 1693 eadem
1319 1638 1472 1693 sustinere?
1487 1636 1557 1705 Quin
1574 1638 1663 1708 potius
1675 1652 1737 1692 cum
1757 1636 1858 1692 videris
1876 1646 1933 1692 tan·

308 1728 397 1784 «lam.
412 1725 528 1782 Etfacta
544 1732 586 1780 est
600 1722 745 1778 multitudo
763 1722 823 1792 ejus
835 1736 885 1793 per
898 1737 993 1794 gyrum
1006 1722 1095 1793 sepul·
1147 1735 1203 1783 tam
1228 1736 1317 1784 ιιιιιιιι
1339 1729 1410 1799 apud
1440 1728 1542 1784 inferos
1571 1728 1770 1784 multitudinem
1798 1727 1934 1784 donnica·

307 1816 454 1886 ιιιιίαιιιι,
477 1814 596 1870 uniremi
619 1811 753 1869 interlecti
776 1812 958 1883 cadentesque
988 1811 1095 1883 eladio,
1148 1818 1227 1884 dum,
1246 1827 1274 1875 et
1292 1818 1445 1889 scpulcmm
1472 1827 1547 1876 tuum
1570 1818 1779 1875 fortissimorum
1797 1819 1932 1889 quondam

308 1913 385 1984 equi
399 1910 531 1967 dederam
549 1908 687 1979 quondam
711 1905 882 1962 formidinem
908 1906 1033 1963 interra
1057 1908 1096 1962 ιί-
1145 1908 1298 1980 principum
1323 1909 1486 1965 circumdari
1514 1910 1668 1975 rncnroriis,
1702 1908 1814 1966 habebis
1837 1922 1935 1964 coneo-

309 2023 319 2057 ι
338 2003 468 2059 rentium.
482 1999 522 2055 ibi
541 1999 617 2054 litam
636 2008 664 2054 et
684 1998 775 2054 omnis
796 1998 941 2054 multitudo
961 1998 1020 2069 ejus
1047 2015 1096 2069 per
1146 1996 1285 2063 lationem,
1299 1997 1400 2054 leviora
1427 2005 1561 2053 tormenta
1575 1998 1712 2054 aestimans
1730 1998 1867 2054 consortio
1880 1998 1936 2070 pie·

309 2113 319 2145 ι
341 2107 439 2166 gyrum
463 2088 580 2159 sepulcri
605 2086 685 2143 illius.
699 2077 847 2170 Omndsshiti
859 2086 995 2142 interfecti
1013 2082 1289 2143 rnen-Brimorum.
1318 2087 1381 2144 llaec
1412 2088 1521 2144 interim
1546 2087 1624 2157 juxta
1651 2088 1800 2158 simplicem
1824 2102 1934 2145 ιειιειιιιι

309 2200 319 2234 ι
341 2190 436 2251 terque
450 2180 550 2251 gladio,
572 2177 618 2249 qui
642 2169 839 2233 asmodeum
855 2174 1036 2231 incircumcisi
1060 2175 1095 2232 ad
1146 2177 1260 2233 strictim
1285 2176 1387 2233 dixisse
1412 2177 1535 2234 sufficiat.
1562 2177 1639 2233 Nunc
1664 2179 1759 2233 eadem
1785 2178 1933 2243 brevitate,

308 2291 319 2321 ι
342 2279 441 2327 terram
456 2269 589 2325 ultimam.
601 2266 653 2335 Qui
668 2272 816 2336 posuerunt
830 2274 961 2321 terrorem
971 2280 1049 2320 suum
1067 2264 1095 2319 in
1146 2274 1277 2338 quantum
1291 2266 1488 2337 explanationis
1513 2268 1615 2337 patitur
1635 2266 1793 2340 difficultas,
1806 2268 1935 2337 spiritalis

310 2379 320 2410 ι
343 2367 416 2414 terra
430 2357 588 2422 virentium,
602 2362 631 2411 et
643 2360 819 2426 portaverunt
835 2352 1009 2424 ignominiam
1020 2369 1096 2409 suam
1148 2356 1331 2426 intelligentie
1345 2370 1450 2413 summa
1467 2371 1580 2426 qunque
1599 2371 1751 2425 cantamus.
1771 2354 1859 2427 Supra
1880 2371 1935 2411 urta

310 2465 320 2498 r
340 2462 403 2502 eum
425 2446 468 2501 bis
484 2445 529 2515 qui
549 2439 756 2501 descendentia
771 2441 869 2496 laeum.
890 2441 920 2496 ln
942 2440 1031 2497 medio
1054 2441 1099 2496 in·
1148 2446 1249 2501 mensis
1269 2444 1312 2501 die
1336 2443 1425 2502 factus
1445 2453 1488 2501 est
1511 2460 1599 2500 sermo
1625 2445 1730 2500 bomini
1759 2444 1793 2500 ad
1820 2446 1936 2516 prophe

310 2556 320 2587 ι
340 2534 515 2592 terfectorum
540 2538 688 2603 posuerunt
712 2529 800 2586 cubile
824 2527 883 2598 ejus
911 2529 939 2584 in
965 2529 1099 2586 universis
1150 2542 1221 2599 tam,
1239 2534 1284 2589 hic
1300 2534 1394 2605 quinta
1411 2533 1526 2591 decima.
1547 2532 1576 2589 ln
1600 2535 1686 2605 prima
1709 2544 1800 2591 autem
1816 2535 1871 2601 die,
1884 2535 1936 2592 boc

310 2737 320 2771 ι
340 2717 442 2773 Omnes
464 2715 492 2772 iri
507 2712 688 2782 incircumcisi
708 2710 897 2781 interfectique
922 2710 1021 2780 gladio.
1051 2709 1100 2766 De·
1150 2712 1220 2769 οἱιιιιι
1235 2713 1343 2783 (girando
1363 2718 1436 2768 totns
1452 2711 1522 2767 lone
1546 2712 1621 2769 orbis
1648 2713 1783 2783 impletur.
1799 2713 1832 2770 lit
1849 2714 1935 2785 siqui-

311 2826 321 2860 ι
340 2805 437 2863 derunt
455 2805 527 2861 enim
540 2813 671 2860 terrorem
686 2802 713 2856 in
729 2811 802 2858 terra
815 2802 976 2866 virentium,
989 2809 1016 2857 et
1039 2818 1101 2872 por·
1150 2801 1221 2858 dern-
1241 2802 1344 2873 primus
1366 2801 1468 2857 mensis
1483 2800 1575 2868 fuerit,
1597 2802 1761 2875 humorum
1784 2811 1827 2860 est
1849 2805 1937 2875 prima

311 2915 322 2947 ι
347 2903 473 2950 taverunt
484 2892 661 2965 ignominiam
677 2908 754 2948 suam
780 2907 843 2948 cunr
867 2892 909 2948 bis
926 2892 972 2963 qui
989 2893 1101 2950 descen·
1151 2892 1228 2958 utem
1244 2892 1394 2962 quinarem
1409 2892 1541 2963 septimus
1577 2893 1937 2965 scenopegiarumquando

312 3005 322 3038 ι
340 2986 409 3040 dunt
422 2986 449 3040 ln
460 2985 559 3040 lacurn.
570 2983 600 3038 ln
616 2983 705 3038 rrredio
718 2982 921 3038 interfectorum
934 2983 1013 3052 positi
1026 2992 1100 3039 sunt.
1153 2981 1271 3054 figuntur
1298 2979 1482 3047 tabernacula,
1507 2996 1568 3051 quse
1589 2981 1774 3038 solemnitates
1795 2983 1867 3054 apud
1882 2983 1937 3039 lle·

312 3096 323 3128 ι
346 3076 385 3130 lbi
399 3074 506 3129 llosoch
521 3081 549 3128 ct
570 3071 654 3128 Tubal
675 3081 703 3128 et
723 3072 811 3128 omnis
827 3071 969 3127 multitudo
993 3072 1051 3144 ejus
1074 3073 1101 3128 in
1152 3073 1292 3131 orcosvet
1310 3074 1576 3130 marimaesuntfit
1594 3083 1684 3130 summ
1709 3074 1833 3145 plaumm
1856 3090 1939 3146 super

313 3188 323 3218 ι
339 3166 455 3221 circuitu
473 3164 546 3221 illius
564 3163 688 3235 sepulcra
701 3163 771 3234 ejus.
783 3162 884 3219 Omnes
903 3162 931 3217 bi
953 3162 1102 3219 incircum·
1152 3162 1338 3220 fortitudinem
1348 3162 1470 3236 AEgypti,
1482 3173 1514 3219 ut
1529 3162 1607 3220 fortis
1618 3164 1644 3218 in
1659 3163 1730 3219 malo
1741 3161 1937 3229 essedesistat,

314 3275 324 3305 ι
346 3256 397 3311 cisi
408 3254 596 3325 interfectique
607 3262 635 3310 et
646 3255 776 3309 cadentes
794 3253 883 3326 gladio
901 3254 949 3324 qui
971 3254 1103 3310 dederunt
1152 3262 1182 3311 et
1194 3254 1306 3324 recipiat
1321 3253 1517 3318 infirmitatem,
1531 3261 1559 3308 et
1576 3254 1684 3323 quando
1697 3252 1829 3309 infirmior
1847 3241 1940 3320 fucrit,

314 3363 324 3396 ι
347 3344 516 3401 formidinem
531 3359 606 3399 suam
622 3344 650 3400 in
664 3353 736 3400 terra
749 3344 907 3410 viventium,
924 3352 952 3400 et
966 3359 1019 3400 non
1036 3348 1101 3401 dor·
1154 3353 1217 3402 tunc
1230 3344 1326 3401 fortior
1336 3345 1381 3400 sit.
1396 3343 1448 3401 Pro
1459 3344 1618 3401 fortitudine
1633 3342 1745 3416 AEgypti
1764 3344 1792 3400 in
1806 3342 1940 3400 Hebraico

314 3457 324 3489 ι
347 3437 431 3492 nalent
442 3452 502 3492 cum
513 3436 629 3494 fortibus
639 3438 883 3509 cadentibusqucct
895 3440 1103 3508 incircumcisis,
1116 3443 1140 3508 c
1154 3434 1236 3492 habet
1263 3433 1473 3491 multitudinem.
1495 3453 1505 3488 ι
1523 3433 1590 3489 Lata
1615 3434 1687 3490 enim
1704 3441 1732 3490 ct
1754 3435 1872 3506 spatiosa
1885 3435 1939 3503 ria,

314 3548 324 3582 ι
346 3527 393 3599 qui
409 3528 606 3584 descenderunt
617 3529 651 3583 ad
668 3528 802 3585 infernum
816 3545 878 3586 cum
893 3531 1054 3588 armissuis.
1069 3532 1103 3586 Et
1154 3540 1214 3595 qttae
1227 3525 1301 3580 ducit
1319 3524 1353 3579 111
1378 3532 1546 3590 mortemer
1574 3524 1652 3579 111111ῑί
1683 3524 1871 3596 ingrediuntur
1893 3540 1942 3598 per

314 3638 324 3669 ι
343 3627 493 3688 posucrrnn
505 3617 608 3689 gladios
619 3634 683 3675 suos
697 3621 747 3675 suh
760 3621 896 3692 capitibus
915 3623 981 3689 suis,
993 3631 1021 3679 et
1043 3622 1102 3677 fue·
1153 3631 1215 3672 eam
1228 3613 1336 3685 (daret.
1351 3612 1412 3685 ιιι).
1429 3634 1439 3667 ι
1461 3611 1536 3669 Sicut
1550 3614 1717 3670 econtrario
1735 3614 1835 3671 dicitur
1858 3617 1892 3672 ad
1905 3616 1943 3671 ls-

315 3729 325 3760 ι
349 3715 414 3762 runt
426 3707 583 3778 iniquitates
599 3723 694 3764 corum
717 3709 745 3766 in
770 3710 878 3771 ossibus
906 3726 1016 3778 eorum,
1039 3725 1103 3782 qma
1153 3704 1209 3759 rari
1225 3723 1232 3758 τ
1251 3722 1261 3756 r
1278 3703 1333 3759 Vos
1354 3710 1445 3759 autem
1467 3702 1534 3759 estis
1551 3704 1629 3774 pauci
1653 3702 1724 3757 inor
1738 3717 1834 3760 omues
1849 3713 1943 3776 gentes

316 3819 325 3850 ι
347 3808 436 3853 terror
449 3796 559 3852 fortium
572 3797 635 3854 facti
649 3808 713 3854 suut
725 3799 752 3855 in
767 3807 838 3853 terra
851 3800 1010 3856 virentium.
1025 3801 1059 3856 lit
1075 3812 1103 3856 tu
1154 3796 1243 3868 (deut.
1253 3795 1359 3867 xxrrrr),
1370 3794 1575 3866 »sempercnim
1584 3794 1671 3850 virtus
1682 3802 1823 3863 raraest,r
1836 3805 1944 3852 etarcta

317 3905 328 3939 ι
347 3903 415 3959 ergo
428 3888 456 3943 in
471 3888 560 3944 medio
570 3888 822 3944 incircumcisorum
836 3890 985 3946 contereris
998 3897 1026 3946 et
1039 3891 1104 3945 dor-
1154 3895 1183 3946 et
1201 3897 1313 3960 angusta
1333 3888 1388 3955 ria,
1409 3902 1470 3960 quse
1487 3886 1561 3942 ducit
1586 3886 1620 3941 ad
1635 3886 1727 3951 ritarn,
1744 3895 1772 3942 et
1782 3888 1861 3957 pauci
1880 3896 1945 3944 suut

316 3999 326 4029 ι
346 3978 416 4034 ruics
428 3993 489 4034 cum
502 3978 653 4034 interfectis
665 3978 764 4050 gladio.
778 3979 817 4035 ihi
838 3979 955 4036 ldumrca
978 3989 1006 4037 et
1028 3996 1105 4053 reges
1153 3981 1201 4052 qui
1225 3980 1412 4053 ingrediuntur
1436 3991 1484 4050 per
1496 3991 1568 4032 eam.
1584 3995 1594 4027 ι
1611 3974 1688 4043 Quod
1707 3989 1798 4032 autern
1810 3974 1945 4048 AEgyptus

316 4067 790 4140 rejus,etomnesducesejus,qui
806 4069 861 4124 dati
878 4078 1105 4127 surrtcnmcrer-
1154 4076 1302 4150 plangitur,
1314 4081 1342 4128 et
1354 4081 1468 4130 morture
1486 4071 1548 4127 filice
1562 4068 1634 4139 ejas,
1654 4070 1732 4141 juxta
1751 4068 1941 4140 Septuaginta,
2049 4090 2052 4099 ·

317 4178 327 4208 ι
350 4160 406 4213 citu
420 4173 469 4214 suo
483 4174 543 4214 curn
558 4157 707 4214 interfectis
720 4158 819 4230 gladio,
832 4167 859 4215 et
876 4160 921 4228 qui
940 4176 1002 4216 curu
1024 4160 1106 4218 incir-
1155 4167 1345 4238 strepentium
1358 4166 1530 4222 robustarum
1545 4163 1714 4218 deducamur
1738 4160 1772 4216 aa
1787 4168 1888 4216 aetram
1900 4160 1941 4214 up.

318 4267 328 4301 ι
347 4249 475 4305 eumcisis
488 4249 664 4314 dormierunt,
680 4257 707 4305 et
719 4265 781 4317 cum
795 4250 838 4306 bis
850 4252 895 4321 qui
909 4252 1108 4308 descendemut
1156 4235 1250 4318 qimam
1268 4259 1296 4315 in
1319 4258 1409 4313 laeam
1434 4255 1493 4313 sire
1516 4255 1544 4311 in
1559 4254 1665 4310 foueam
1693 4251 1944 4324 profundissimam,
1965 4259 1974 4269 ·

318 4359 327 4390 ι
347 4339 485 4393 inlacum.
497 4338 536 4393 lbi
550 4339 684 4410 principes
695 4340 829 4410 aquilonis
840 4355 936 4397 omncs
945 4350 973 4397 et
987 4342 1106 4399 universi
1156 4344 1453 4421 significanturanimae
1474 4345 1502 4399 iu
1527 4341 1645 4415 AEgypto
1670 4339 1750 4411 hirjats
1767 4340 1947 4398 saeculicorn-

318 4439 509 4494 «retiatores,
522 4429 568 4499 qui
591 4430 697 4485 deducti
719 4439 783 4485 sunt
805 4446 866 4485 cum
889 4431 1038 4490 interfectis
1058 4449 1107 4504 pa·
1156 4447 1304 4505 morantes,
1328 4453 1389 4509 quae
1401 4436 1578 4508 perdiderunt
1603 4450 1675 4501 eam,
1689 4435 1736 4505 qui
1750 4434 1815 4491 dicit
1828 4453 1837 4511 ¹:
1861 4435 1944 4506 «Ego

319 4534 330 4566 ι
351 4525 454 4579 rentes,
469 4517 537 4573 etin
551 4532 599 4571 sua
615 4517 771 4573 fortitudine
785 4517 898 4583 confusi,
913 4520 975 4589 quia
990 4521 1107 4578 domuis-
1157 4545 1217 4587 snm
1232 4529 1287 4583 vita
1302 4526 1393 4600 (forn.
1407 4524 1474 4601 xm).
1493 4546 1503 4579 ι
1518 4525 1552 4580 lit
1569 4525 1689 4596 peccatis
1701 4536 1815 4580 mortuae
1827 4526 1946 4595 pondero

318 4626 329 4660 ι
355 4614 419 4662 runt
431 4607 612 4663 incircumcisi
628 4622 689 4663 cunr
703 4609 854 4664 interfectis
869 4609 969 4680 gladio,
990 4618 1019 4666 ct
1044 4627 1107 4683 por·
1157 4634 1251 4676 eorum
1265 4618 1299 4673 ad
1314 4616 1416 4673 inferos
1429 4616 1619 4681 detrahuntur,
1642 4614 1749 4670 dicente
1772 4623 1916 4684 peccatore
1932 4631 1939 4669 ε

320 4722 330 4754 ι
351 4711 478 4760 taverunt
495 4703 679 4759 confusionem
702 4719 780 4759 suam
799 4719 861 4759 cum
876 4705 918 4760 his
929 4705 975 4775 qui
992 4706 1106 4762 desecu-
1162 4732 1172 4763 ι
1190 4710 1321 4779 Quoniam
1336 4709 1493 4780 iniquitates
1506 4721 1574 4762 mee
1594 4719 1776 4775 supergressa
1789 4713 1852 4760 suut
1864 4713 1946 4774 caput

319 4813 330 4847 ι
350 4794 418 4849 dunt
432 4793 458 4848 in
474 4793 572 4850 lacum.
585 4795 658 4850 vion
671 4809 718 4851 cos
734 4793 839 4850 Pharao
852 4804 880 4851 ct
898 4796 1107 4853 consolatusest
1120 4783 1385 4869 1Jmeum,ctsicut
1407 4816 1476 4856 onus
1492 4813 1574 4869 grave
1587 4806 1706 4868 graratae
1732 4804 1795 4852 sunt
1807 4812 1888 4868 super
1902 4813 1946 4853 me
2017 4835 2020 4842 ·

320 4903 331 4938 ι
355 4900 439 4954 super
455 4884 581 4941 universa
602 4886 773 4941 multitudine
795 4902 860 4952 sua,
881 4903 942 4957 quae
966 4888 1108 4945 interfecta
1160 4893 1247 4966 (Prot.
1261 4892 1375 4964 xxxma).
1393 4890 1472 4946 »tere
1485 4899 1547 4944 sunt
1560 4887 1704 4959 dequibus
1719 4887 1849 4958 scriptum
1863 4894 1947 4943 estet

320 4993 332 5027 ι
353 4983 397 5030 cst
415 4974 523 5046 gladio:
545 4975 651 5031 Pharao
671 4984 699 5031 ct
719 4978 807 5033 omnis
821 4978 956 5035 exercitus
976 4980 1046 5051 ejus,
1069 4981 1108 5037 ait
1160 4986 1188 5042 in
1203 4985 1255 5041 alio
1268 4984 1347 5040 loro:
1366 5002 1376 5036 r
1400 4979 1586 5051 ingredientur
1599 4979 1626 5033 in
1640 4978 1768 5034 inferiora
1783 4988 1874 5044 terrae,
1891 4987 1946 5033 tra·

321 5084 331 5116 ι
351 5064 483 5122 Dantinus
495 5065 578 5133 Deus,
591 5068 653 5136 quia
665 5067 739 5124 dedit
750 5076 880 5126 torrorem
896 5086 974 5125 suum
989 5072 1017 5127 in
1037 5079 1108 5127 terra
1159 5078 1257 5134 dentur
1270 5076 1297 5130 in
1308 5089 1404 5130 manus
1415 5071 1505 5143 gladii,
1521 5079 1614 5140 partos
1625 5069 1746 5139 vulpium
1760 5078 1841 5125 crunt
1856 5067 1944 5141 (Ptol.

322 5175 333 5208 ι
353 5156 510 5223 virentium,
521 5166 550 5212 et
567 5158 695 5213 dormivit
716 5160 842 5217 innrcdio
860 5161 1108 5218 incircumcisorum
1160 5163 1271 5237 extr);r
1298 5162 1345 5234 qui
1371 5161 1444 5217 eninr
1470 5159 1538 5215 fodit
1563 5159 1683 5226 foveam,
1714 5159 1814 5215 incidet
1839 5161 1867 5216 in
1886 5175 1947 5216 eant

322 5268 332 5300 ι
351 5262 415 5304 cum
429 5247 579 5304 interfectis
590 5249 689 5319 gladio.
705 5249 813 5309 Pharao
826 5261 854 5308 ct
865 5253 953 5308 omnis
966 5254 1108 5309 multitudo
1162 5254 1256 5327 (dccli.
1269 5253 1365 5323 rxrrr).
1385 5272 1395 5305 ι
1408 5251 1485 5308 Unde
1499 5261 1527 5307 ct
1537 5251 1670 5324 legimns:
1690 5269 1699 5303 r
1716 5252 1816 5308 Lacum
1830 5255 1946 5323 aperuit,

324 5336 705 5408 rejus,aitliominusl)ens.
724 5341 945 5411 ›interirnjurta
967 5343 1108 5400 historiam
1162 5343 1301 5400 et'clfodit
1326 5358 1399 5407 cum,
1425 5349 1453 5398 et
1479 5342 1575 5398 incidit
1602 5342 1629 5397 in
1652 5341 1758 5399 foveam
1786 5343 1949 5413 quemfecit

322 5428 485 5487 manifestus
495 5437 538 5485 est
548 5445 652 5486 sensus.
666 5431 694 5485 ln
708 5433 803 5487 codem
820 5432 891 5487 enim
918 5446 989 5492 anno
1010 5433 1110 5489 duode—
1163 5434 1249 5508 (Pscf.
1267 5435 1325 5507 ιιι).
1342 5455 1351 5487 ι
1367 5435 1498 5507 Quodque
1514 5435 1636 5505 sequitrn
1655 5452 1661 5488 :
1678 5434 1737 5502 Quo
1748 5434 1885 5506 pulchrior
1907 5451 1947 5501 cs,

323 5519 441 5583 timei
452 5518 480 5575 in
492 5520 586 5575 eodem
597 5529 626 5575 111
638 5528 764 5591 pommus
776 5535 877 5588 mense,
892 5522 940 5577 seri
952 5524 1042 5577 nonin
1058 5539 1109 5578 una
1164 5528 1296 5584 descende
1309 5537 1336 5583 ct
1350 5528 1436 5583 dormi
1450 5542 1512 5583 cum
1538 5526 1747 5592 incircumcisis,
1767 5545 1777 5578 r
1793 5527 1902 5596 proprie
1914 5527 1947 5579 ad

322 5617 356 5664 ut
367 5624 449 5680 supra
460 5612 571 5667 mensis.
589 5613 687 5667 Verum
708 5612 735 5686 in
757 5613 850 5681 quinta
873 5614 976 5669 decima
998 5616 1042 5670 dic
1062 5633 1110 5671 nc·
1163 5616 1330 5671 Phemonoen
1344 5631 1433 5685 regent
1446 5614 1555 5686 AEgypti
1568 5630 1658 5670 sermo
1680 5614 1816 5686 dirigitur,
1835 5615 1904 5680 sive,
1919 5624 1949 5671 ut

317 5720 456 5776 quaquam
466 5721 547 5776 super
560 5705 712 5771 Pharaone,
724 5707 771 5762 sed
783 5721 864 5776 super
873 5707 1040 5774 fortitudine,
1052 5710 1109 5764 sire
1163 5707 1189 5761 in
1201 5706 1377 5777 Septuaginta
1387 5707 1421 5762 de
1431 5705 1616 5762 Theodotione
1622 5704 1743 5760 additum
1757 5714 1809 5771 est,
1821 5707 1854 5761 ad
1862 5706 1948 5777 ipsam

318 5793 612 5868 nrultitndinedigypti
633 5796 757 5866 planctus
774 5797 941 5852 assumitur:
958 5798 1004 5868 qui
1019 5798 1109 5853 detra·
1161 5797 1359 5868 AEgypturnzr
1388 5798 1425 5852 iic
1449 5814 1519 5868 aqna
1547 5798 1731 5868 pulcherrima
1755 5798 1898 5863 descende,
1920 5807 1949 5854 et

319 5883 440 5939 lriturde
453 5886 578 5955 superbia
595 5902 643 5940 sua
658 5901 719 5940 cum
746 5886 880 5942 universis
906 5886 1013 5943 filiabus
1040 5887 1106 5953 suis,
1161 5888 1248 5944 dormi
1260 5905 1321 5944 curn
1337 5888 1543 5944 incircumcisis.
1560 5910 1570 5942 ι
1584 5887 1659 5955 Quod
1673 5886 1826 5957 specialiter
1838 5889 1872 5944 ad
1885 5904 1947 5943 etun

319 5975 381 6032 sire
391 5975 509 6047 gentium
523 5978 694 6034 robustarum
714 5977 747 6032 ad
761 5986 861 6032 terram
874 5977 1007 6046 ultimam,
1021 5976 1046 6032 id
1067 5987 1109 6033 cst
1161 5977 1288 6048 pertinet,
1303 5978 1349 6048 qm
1375 5978 1401 6032 in
1428 5977 1589 6050 baptismate
1607 5977 1706 6034 Christi
1721 5986 1840 6044 renatus,
1854 5989 1880 6035 ct
1894 5996 1943 6037 au·
