4500 6842
302 752 355 810 155
617 748 648 802 B.
669 744 795 801 uiuant
816 742 926 799 baum
944 738 1105 797 ancittae.
1124 736 1278 794 honour.
1299 737 1442 795 eruhuit
1461 733 1549 789 PARS
1567 731 1598 785 ii.
1881 727 1931 783 rto

301 880 409 924 tenuta.
425 862 517 934 capris
530 870 619 916 autem
633 868 687 913 tam
708 857 813 927 magnis
824 854 955 925 piscibus,
967 849 1090 908 aseendit
1102 857 1127 918 Α
1141 851 1193 906 boc
1215 850 1295 905 modo
1310 866 1317 902 2
1336 847 1424 904 Unum
1447 846 1500 901 duo
1514 853 1568 899 tres
1584 842 1665 905 lirun;
1691 844 1759 897 attile
1786 849 1851 902 tres,
1865 843 1934 898 tiurst

303 954 552 1017 sparnacenses
566 950 647 1005 traxit
660 957 717 1003 rete
739 948 765 1001 in
790 955 900 1001 terram.
923 942 983 998 iam
1009 943 1090 998 credo
1142 954 1205 1021 sen
1220 940 1262 994 his
1274 938 1387 1008 adjunge
1397 945 1522 1007 quatuor,
1537 934 1604 988 liunt
1616 933 1727 997 decessu
1746 931 1788 986 bis
1801 931 1932 1001 quinque,

303 1048 374 1120 quod
384 1053 474 1102 restra
487 1041 605 1097 ebaritas
616 1038 731 1093 aduertit
743 1035 806 1105 quid
817 1045 859 1089 cst
869 1034 939 1104 quod
951 1032 1047 1087 Petrus
1056 1032 1090 1086 ad
1141 1037 1168 1084 et
1182 1031 1293 1086 habebis
1307 1028 1478 1099 quindecim
1502 1034 1531 1080 et
1551 1025 1590 1078 sic
1607 1021 1792 1078 crescentibus
1812 1022 1934 1078 numeris

304 1147 404 1191 terram
423 1132 513 1187 trabit.
530 1130 581 1199 ipsi
595 1128 692 1197 quippe
707 1132 800 1180 saneta
814 1123 934 1180 Ecclesia
958 1131 998 1177 cst
1018 1136 1092 1176 corn·
1142 1130 1169 1175 ει
1184 1120 1366 1191 inultipiicatis
1384 1115 1517 1189 usquead
1532 1117 1667 1170 decernet
1690 1122 1804 1183 septem,
1822 1113 1853 1167 bt
1874 1129 1935 1169 oro·

247 1273 254 1288 ,
304 1228 396 1289 missa,
412 1222 462 1294 ipsi
477 1220 630 1291 specialiter
646 1217 762 1273 dicitur:
777 1214 868 1270 Simon
879 1212 1003 1277 ioannis,
1018 1227 1103 1264 umus.
1142 1212 1216 1264 nium
1231 1226 1404 1266 nrrrnerorum
1418 1222 1522 1263 summa
1538 1207 1650 1261 istorum
1661 1205 1707 1275 qui
1720 1205 1935 1273 multiplicantur

304 1318 362 1372 nse?
372 1315 455 1368 Pasce
466 1327 523 1367 oues
537 1326 617 1363 arens.
626 1307 702 1375 Quicni
710 1320 774 1376 ergo
783 1303 952 1374 postmodum
961 1302 1089 1371 aperitur,
1142 1301 1175 1353 ab
1192 1316 1246 1354 uuo
1260 1317 1344 1371 usque
1360 1299 1394 1354 ad
1409 1301 1502 1354 decem
1516 1308 1544 1352 et
1556 1304 1658 1367 septem
1676 1305 1784 1351 centum
1797 1297 1919 1367 «quinqua

303 1407 355 1462 hoe
374 1418 446 1459 ttutto
467 1403 589 1472 signatur
604 1400 630 1453 in
645 1412 737 1468 opere.
752 1396 820 1462 Quia
838 1393 920 1464 igitur
932 1392 1092 1462 praedicator
1142 1391 1216 1462 giunta
1231 1400 1295 1444 tres.
1307 1391 1373 1458 Qum
1393 1396 1548 1460 corriputata
1568 1388 1701 1457 superiori
1726 1387 1935 1459 significatione,

304 1517 353 1557 uos
366 1515 383 1555 a
398 1498 489 1554 rrutrndi
500 1497 578 1567 liujus
591 1494 715 1550 [luctibus
726 1498 833 1561 separat
844 1488 971 1544 niunirum
982 1500 1092 1540 neeesse
1143 1479 1222 1534 idest
1235 1480 1301 1550 tegis
1319 1481 1346 1534 in
1359 1479 1481 1544 denario,
1494 1488 1522 1533 ct
1535 1480 1629 1550 gratiae
1650 1478 1677 1532 in
1699 1478 1852 1547 septenario
1867 1478 1937 1536 satis

303 1598 356 1655 est,
368 1599 398 1644 ut
411 1597 468 1644 rete
478 1587 584 1657 plenum
599 1584 717 1656 piscibus
729 1582 826 1637 Petrus
841 1579 875 1634 ad
888 1586 988 1633 terram
1002 1577 1090 1632 ducat.
1143 1579 1322 1640 congruenter
1335 1570 1487 1626 conueniet.
1505 1568 1558 1624 Sed
1571 1570 1647 1639 plura
1660 1577 1723 1623 sunt
1735 1569 1796 1623 iutle
1809 1570 1939 1625 eorrside-

304 1683 362 1754 ipse
374 1680 446 1737 enim
462 1679 550 1749 pisces
563 1676 597 1731 ad
611 1675 773 1730 soliditatem
786 1669 884 1725 littoris
897 1664 1092 1738 pertrahit,qui
1142 1676 1204 1714 rare
1217 1664 1395 1717 admiratione
1410 1662 1500 1732 digua,
1518 1677 1578 1731 qum
1599 1660 1678 1728 btrjrrs
1700 1662 1830 1731 temporis
1851 1675 1939 1732 arigit-

304 1781 406 1828 sanetae
414 1765 683 1840 predicationisroee
697 1760 869 1816 stabilitatem
880 1765 989 1812 aeternat
999 1754 1093 1824 patrio
1143 1754 1194 1809 stia
1207 1754 1330 1824 probibet
1343 1770 1393 1809 tros
1402 1754 1492 1808 ornnia
1507 1753 1607 1808 dicere.

304 1860 427 1918 tidelihus
439 1858 566 1915 ostendit.
581 1854 638 1911 iloc
651 1854 708 1925 egit
721 1852 822 1916 uerbis,
836 1850 889 1905 hoc
902 1845 1093 1918 epistolis,hoc
1178 1842 1210 1896 Et
1225 1860 1284 1897 cunr
1300 1845 1366 1897 tenti
1378 1852 1460 1898 essent
1474 1859 1525 1896 noir
1545 1852 1582 1897 est
1607 1844 1716 1897 scissam
1743 1853 1805 1897 retc.
1831 1842 1940 1912 Adjicit

304 1952 358 2024 agit
370 1950 490 2022 quotidie
506 1945 696 2003 miraculorum
714 1942 808 2016 siguis.
827 1940 938 2009 Quoties
961 1953 1010 2008 per
1030 1951 1092 1991 eum
1142 1932 1306 2002 euvangeliste
1325 1949 1383 1990 rem
1400 1934 1582 1989 necessariam
1599 1934 1710 1989 dicens:
1727 1933 1762 1988 b't
1784 1951 1844 1989 crum
1868 1936 1938 1988 tanti

304 2042 338 2098 ad
351 2056 473 2097 amorem
489 2038 587 2110 quictis
601 2045 709 2091 aternu
732 2033 924 2097 convertimur,
950 2029 1056 2098 quoties
1076 2042 1092 2081 a
1142 2033 1242 2089 esrem;
1253 2026 1309 2080 sive
1322 2034 1375 2079 tam
1386 2026 1696 2096 maguisieutsuperius
1706 2026 1937 2097 dictum,plcuum

305 2142 473 2187 terrenarum
487 2145 576 2186 rerum
591 2127 748 2182 tumultibus
764 2138 931 2193 separamur,
944 2120 1008 2192 quid
1020 2118 1092 2174 aliud
1143 2116 1246 2186 anagnis
1257 2116 1391 2186 piscibus3
1418 2134 1469 2172 non
1481 2127 1518 2171 est
1532 2118 1641 2172 scissum
1656 2126 1730 2172 rete:
1746 2118 1772 2174 id
1786 2129 1830 2173 est
1844 2122 1937 2190 magui

304 2238 385 2291 quam
396 2222 467 2276 intra
485 2229 542 2276 rete
557 2219 619 2275 iidei
631 2220 721 2290 pisces
736 2219 769 2274 ad
786 2218 863 2272 littus
875 2214 1023 2271 trahimur?
1106 2209 1235 2275 Berant,
1251 2211 1298 2265 scd
1314 2211 1385 2265 inter
1397 2225 1444 2266 eos
1459 2212 1576 2266 haereses
1591 2226 1644 2266 non
1665 2218 1752 2275 erant,
1765 2219 1792 2266 et
1803 2212 1864 2267 ideo
1877 2228 1937 2266 rua·

339 2309 451 2365 Plenum
462 2309 562 2380 ntapnis
572 2305 794 2382 piscibuscen'turn
802 2304 1092 2379 quinquaqintctribus.
1143 2301 1184 2371 gis
1195 2302 1311 2356 haereses
1323 2316 1376 2356 oon
1387 2309 1477 2368 crant,
1488 2301 1551 2371 quia
1566 2294 1656 2373 mag'ni
1674 2313 1761 2357 crant.

304 2402 327 2457 ti
341 2417 438 2473 magno
449 2402 578 2473 mysterio
591 2415 719 2455 numerus
732 2415 784 2453 non
799 2405 891 2463 eareat,
907 2397 954 2451 scel
976 2397 1093 2451 intentos
1180 2392 1249 2446 bicit
1263 2394 1300 2447 eis
1313 2392 1411 2447 lesus:
1427 2389 1525 2457 Venite,
1538 2394 1674 2463 prandete.
1691 2393 1723 2447 Er
1739 2410 1813 2447 mmo
1823 2393 1938 2449 audebat

304 2507 353 2548 ros
366 2492 432 2546 tanti
444 2491 564 2562 mysterii
579 2489 746 2561 profunditas
760 2497 911 2558 exspectat,
925 2486 1093 2557 nequeenim
1143 2482 1359 2537 discunbentium
1368 2500 1427 2538 euna
1439 2484 1620 2554 interrepere:
1637 2482 1676 2537 Tu
1691 2487 1751 2554 quis
1766 2486 1813 2539 es?
1833 2484 1938 2540 Sensus

303 2581 464 2653 quantitatis
478 2596 610 2636 summam
622 2579 737 2636 solerter
746 2580 909 2651 evangelista
920 2578 1092 2648 exprimeret,
1143 2589 1209 2645 ergo
1219 2574 1264 2629 bic
1274 2581 1330 2629 est:
1342 2573 1427 2628 Tanta
1437 2583 1493 2628 erat
1507 2573 1642 2628 evidentia
1653 2575 1774 2628 rcritatrs
1784 2574 1848 2643 quia
1856 2573 1938 2629 iesus

307 2674 358 2729 nisi
378 2674 449 2729 banc
462 2680 631 2728 sacramento
646 2672 750 2742 plenam
763 2687 823 2727 esse
834 2671 994 2742 judicasset.
1011 2668 1094 2724 Scitis
1144 2663 1197 2719 iliis
1209 2664 1347 2734 discipulis
1359 2666 1505 2736 apparebat
1516 2674 1649 2720 uteorum
1661 2666 1811 2721 uorrsoluar
1824 2681 1937 2739 negare,

307 2777 423 2832 namque
434 2762 506 2832 quod
521 2762 548 2816 in
563 2760 737 2816 Testamenta
751 2760 840 2817 Veteri
863 2760 953 2816 omnis
974 2758 1095 2829 operatio
1145 2753 1192 2808 sed
1214 2768 1247 2809 tte
1267 2754 1391 2809 dubitare
1407 2755 1517 2824 quidem
1537 2753 1607 2810 ullus
1627 2757 1888 2827 auderet,qttoniattt
1913 2757 1938 2814 ti

306 2867 355 2923 per
368 2851 488 2923 decalogi
511 2851 636 2906 mandata
660 2852 825 2922 precipitur.
852 2851 881 2906 ln
908 2850 983 2906 Nono
1004 2859 1095 2906 autem
1146 2843 1287 2914 quisquam
1299 2844 1434 2899 dtrbitaret
1449 2845 1543 2915 utiquc
1564 2846 1734 2917 interrogare
1752 2847 1873 2902 deberet.
1891 2845 1940 2906 Sic

305 2941 426 3011 cjrtsdem
436 2940 600 3011 operationis
613 2941 699 2997 uirtus
712 2957 760 3012 per
774 2940 959 3012 septilormem
981 2941 1095 3014 gratiam
1145 2946 1210 3003 018⁰
1220 2933 1321 2987 dicium
1334 2942 1393 2988 esi:

304 3033 391 3089 sancti
413 3031 528 3104 Spiritus
555 3031 737 3104 multiplicatis
759 3032 882 3088 fidelibus
905 3034 1002 3098 datur,
1016 3046 1096 3101 quern
1183 3022 1268 3078 Nemo
1279 3024 1390 3079 audebat
1406 3026 1590 3097 interrepere:
1606 3027 1644 3081 Tu
1654 3029 1712 3101 quis
1722 3030 1770 3085 es?
1782 3030 1821 3087 hc
1833 3032 1856 3087 si
1866 3031 1939 3090 dice·

306 3124 436 3192 propbeta
454 3123 615 3178 denuntians
628 3124 693 3178 dicit
705 3138 713 3178 t
727 3122 843 3194 Spiritus
858 3124 993 3193 sapientire
1011 3132 1035 3177 et
1056 3124 1097 3178 in·
1146 3123 1222 3172 retur
1237 3134 1244 3171 2
1261 3114 1346 3171 Nemo
1359 3116 1475 3172 audebat
1487 3118 1611 3175 dubitate
1625 3122 1695 3190 quod
1711 3122 1768 3192 ipse
1782 3131 1864 3178 esset.

308 3211 440 3278 tellectus,
470 3211 585 3283 Spiritus
608 3212 710 3266 consilii
737 3223 760 3266 et
784 3211 958 3281 tortitudinis,
983 3210 1097 3283 Spiritus
1182 3205 1216 3260 Et
1228 3206 1294 3260 veuit
1310 3205 1398 3270 Iesus,
1413 3218 1436 3262 et
1448 3209 1546 3279 occepit
1557 3212 1782 3280 praemuniebat
1795 3215 1845 3281 eis,
1856 3224 1881 3268 et
1899 3216 1940 3286 pi·

307 3303 421 3358 scientim
433 3312 457 3356 et
468 3302 586 3371 pietatis,
603 3311 626 3356 et
649 3301 764 3373 Spiritus
787 3302 889 3356 timeris
911 3300 1027 3356 Domini.
1044 3299 1097 3357 Sed
1146 3311 1215 3349 ecem
1225 3294 1354 3350 simililer·
1368 3296 1519 3352 Notandum
1533 3313 1640 3368 quoque
1652 3302 1724 3369 quod
1737 3300 1861 3358 ultimum
1874 3319 1940 3360 con·

308 3394 354 3451 ille
367 3395 393 3449 in
406 3394 458 3450 boc
477 3393 576 3465 Spiritu
599 3394 781 3464 operationem
807 3394 921 3465 percipit
945 3395 992 3464 qui
1016 3392 1096 3448 tidem
1146 3387 1248 3442 uirium
1263 3387 1466 3444 Dominuscura
1480 3396 1586 3460 septem
1602 3389 1742 3462 discipulis
1753 3394 1882 3450 hahuisse
1893 3397 1936 3451 de

309 3481 450 3539 Trinitatis
464 3483 595 3555 agnoscit,
609 3491 678 3539 utet
695 3482 803 3539 Patrem
818 3492 845 3539 et
859 3483 956 3538 Filium
970 3490 998 3539 et
1017 3498 1094 3537 eum·
1147 3480 1283 3535 scribitur.
1291 3479 1388 3536 Petrus
1397 3489 1548 3551 namqucet
1555 3481 1683 3549 Thomas,
1692 3482 1841 3540 Nathanael
1852 3498 1881 3540 et
1893 3487 1940 3542 otti

307 3574 367 3630 dem
384 3575 513 3645 Spiritum
527 3583 661 3640 sanctum,
673 3575 753 3630 unius
773 3575 882 3630 virtutis
898 3575 999 3640 credat,
1013 3574 1093 3629 unius
1106 3569 1130 3633 G
1145 3571 1265 3627 Zebedaei
1278 3580 1306 3626 et
1316 3572 1362 3627 atii
1372 3587 1405 3627 cs
1421 3572 1559 3643 discipulis
1573 3572 1631 3642 ejus
1641 3575 1693 3631 duo
1704 3577 1730 3631 in
1744 3592 1777 3632 co
1788 3577 1874 3635 luisse
1884 3596 1943 3637 rne-

307 3666 466 3722 substantiae
478 3681 537 3722 esse
550 3665 676 3722 fateatur.
690 3665 758 3734 eria
774 3666 856 3736 igitur
866 3675 968 3735 septem
982 3679 1041 3735 quae
1051 3680 1097 3721 su·
1148 3672 1296 3719 morantur.
1305 3663 1360 3720 Cirr
1369 3678 1430 3719 curn
1442 3675 1545 3735 septem
1555 3667 1696 3737 discipulis
1710 3668 1833 3724 ultimum
1845 3671 1942 3727 conri-

308 3757 399 3827 perius
411 3757 528 3812 diximus
542 3772 591 3827 per
604 3755 708 3812 Nouum
724 3755 926 3811 Testamentum
941 3755 1022 3809 latius
1034 3755 1096 3811 data
1147 3753 1942 3831 riumcelebrat‚nisiquiaeostautummodoquiseptiiormi

308 3858 381 3915 sont,
396 3850 488 3904 decern
500 3864 563 3905 uero
580 3863 628 3919 per
639 3847 743 3903 Veteris
766 3847 931 3903 Testamenti
951 3854 1096 3917 praeeepta,
1148 3844 1233 3915 gratia
1246 3846 1331 3900 sancti
1347 3845 1464 3917 Spiritus
1478 3848 1550 3918 pleni
1576 3860 1639 3905 sunt
1664 3850 1770 3907 tutanos
1795 3867 1889 3908 securo
1912 3851 1941 3908 ia

309 3941 397 3996 otonis
410 3947 502 3995 nostra
514 3939 600 3993 uirtus
612 3947 639 3994 et
647 3937 767 4008 operatio
781 3950 830 4008 per
843 3938 935 3992 decern
953 3944 981 3993 ct
993 3943 1097 4007 septem
1148 3945 1249 3990 mursia
1267 3934 1414 3992 reiectione
1428 3938 1586 3995 denuntiati
1599 3940 1708 4011 Septem
1723 3957 1831 4012 quoque
1844 3942 1941 4000 diebus

307 4040 398 4103 potest
410 4031 489 4102 plene
502 4030 704 4102 comprehendi.
729 4029 863 4083 tineamus
876 4043 940 4097 erqo
952 4042 1001 4100 per
1015 4027 1097 4099 trigo-
1148 4040 1228 4080 omne
1240 4027 1292 4081 boc
1307 4036 1412 4097 tempus
1423 4029 1556 4086 evolvitur
1568 4042 1596 4087 ει
1616 4048 1687 4103 saepe
1707 4033 1864 4104 septenario
1887 4050 1940 4090 nu·

308 4124 478 4179 mordacem
491 4129 520 4177 et
538 4130 643 4189 septem
668 4127 695 4175 ct
722 4118 831 4173 vestiunt
854 4117 1048 4190 quinquaginta
1070 4125 1098 4172 et
1148 4130 1224 4171 nrcro
1238 4114 1368 4187 perfectio
1381 4118 1546 4188 designatur.
1568 4121 1607 4175 titi
1623 4137 1689 4193 erpo
1706 4123 1800 4180 ultimo
1815 4123 1941 4180 conririo

309 4226 405 4277 unum,
416 4211 462 4282 qui
482 4207 603 4281 proiecto
615 4223 746 4265 numerus
760 4223 774 4262 a
789 4222 889 4279 magno
903 4208 1032 4280 mysterio
1044 4223 1097 4263 non
1149 4209 1182 4263 de
1200 4209 1343 4277 praesentia
1354 4208 1477 4265 veritatis
1490 4212 1642 4282 epulantur,
1654 4214 1699 4283 quui
1712 4229 1784 4269 nunc
1796 4212 1942 4283 perlectio-

309 4309 398 4366 raeat,
413 4300 541 4371 quiajam
554 4299 582 4353 in
598 4298 771 4354 Testamenta
785 4299 876 4354 Veteri
891 4298 1015 4369 tegimus,
1026 4299 1098 4369 quod
1149 4298 1192 4353 nis
1206 4298 1294 4354 studio
1307 4307 1415 4354 terrena
1437 4302 1641 4369 transcendunt,
1656 4317 1724 4374 quos
1747 4304 1839 4360 mundi
1863 4319 1941 4361 atuor

309 4389 649 4460 annusquinquapesimus
662 4380 1097 4459 lubileusrocari'jussuseststn
1149 4404 1202 4467 non
1228 4388 1329 4461 alligat,
1353 4390 1450 4460 quibus
1475 4393 1526 4446 etsi
1548 4400 1689 4462 utcunque
1705 4407 1753 4462 per
1772 4401 1940 4450 tentamenta

310 4496 365 4549 quo
376 4478 499 4532 videlicet
512 4484 626 4531 cunctus
637 4476 751 4547 populus
761 4478 795 4532 ab
807 4478 881 4532 ornni
896 4493 977 4548 opere
991 4478 1098 4548 requie·
1149 4479 1290 4550 obstrepit,
1306 4491 1394 4552 empta
1414 4489 1503 4537 tamen
1519 4496 1614 4538 eorum
1629 4484 1761 4540 desideria
1777 4500 1831 4539 non
1850 4493 1941 4541 retun-

311 4582 409 4635 seeret,
422 4570 468 4625 sed
481 4583 544 4624 uera
557 4568 664 4637 requies
677 4568 703 4621 ln
714 4569 816 4622 unitate
827 4577 869 4623 est
884 4588 891 4623 ε
906 4569 987 4624 dividi
1000 4570 1098 4641 quippe
1149 4570 1198 4625 dit.
1212 4569 1251 4624 be
1264 4571 1315 4626 boc
1331 4579 1453 4628 extremo
1466 4574 1589 4630 conririo
1607 4574 1674 4629 alias
1693 4589 1741 4644 per
1754 4572 1888 4631 loannem
1901 4575 1941 4631 di·

311 4676 394 4718 unum
409 4675 463 4715 non
479 4668 578 4728 potest.
600 4657 651 4714 Ubi
665 4657 737 4713 enim
759 4658 876 4713 scissura
894 4657 1033 4715 divisionis
1045 4667 1097 4727 cst,
1149 4658 1239 4715 citur:
1255 4659 1331 4714 ilenti
1353 4663 1398 4733 qui
1417 4663 1451 4716 orl
1480 4680 1579 4719 coenarn
1602 4664 1743 4735 nuptialem
1770 4666 1832 4737 upra
1856 4665 1941 4721 secut

311 4769 376 4809 uera
397 4752 504 4824 requies
519 4767 571 4807 non
587 4758 638 4806 est.
661 4750 796 4805 Duranius
812 4765 860 4821 per
873 4750 1006 4821 trigonum
1022 4751 1100 4822 quin·
1150 4761 1221 4807 sunt.
1234 4750 1338 4808 idcirco
1352 4753 1424 4808 enim
1439 4769 1491 4808 non
1508 4755 1542 4810 ad
1560 4755 1702 4824 prandium
1725 4754 1772 4810 sed
1788 4755 1822 4809 ad
1835 4769 1941 4812 coenurs

312 4847 439 4917 quaginta
456 4853 484 4900 et
496 4858 577 4899 unuro
599 4851 626 4898 et
641 4842 709 4897 irunt
724 4851 831 4898 centum
857 4849 886 4897 et
907 4842 1098 4914 quinquaginta
1149 4854 1261 4901 uocatos
1272 4853 1374 4910 narrat,
1386 4847 1449 4915 quia
1462 4845 1589 4901 nimirum
1605 4847 1633 4901 in
1647 4846 1701 4901 line
1712 4846 1765 4901 diei
1786 4847 1941 4903 conuiuium

314 4949 379 4993 tres.
394 4938 463 5005 Quia
478 4937 559 5007 igitur
572 4946 600 4991 et
613 4935 701 4991 omnis
714 4935 835 5006 operatio
850 4943 942 4991 nostra
964 4944 992 4990 ει
1013 4937 1099 5023 uirtus
1111 4928 1138 4989 D
1150 4950 1227 4992 coena
1241 4943 1293 4990 est.
1308 4934 1359 5001 uui
1377 4950 1443 5007 ergo
1463 4935 1539 4990 inito
1561 4936 1624 4992 vitre
1649 4937 1790 5006 praesentis
1819 4946 1942 5008 tempora

314 5028 340 5082 in
354 5027 405 5080 tide
418 5025 559 5080 Trinitatis
572 5026 688 5080 exhibita
702 5026 735 5080 ad
749 5025 870 5095 requiem
886 5025 981 5091 tendit,
996 5033 1098 5096 septem
1152 5026 1185 5080 ad
1210 5024 1385 5080 reiectionem
1411 5040 1533 5096 supernae
1557 5026 1793 5098 contemplationis
1817 5026 1941 5094 ueniunt,

316 5128 342 5173 et
358 5117 450 5171 decem
465 5126 505 5169 ter
517 5114 638 5169 ducimus
650 5123 680 5168 ut
691 5115 724 5169 ad
747 5114 939 5188 quinquaginta
962 5123 990 5170 ct
1015 5130 1098 5170 unum
1151 5130 1205 5170 non
1217 5116 1250 5171 ad
1263 5116 1324 5187 agni
1335 5116 1542 5188 prandium,sed
1553 5118 1587 5172 ad
1600 5131 1707 5173 caenam
1719 5126 1862 5172 vocantur.
1877 5116 1942 5186 Qun

313 5205 404 5260 uenire
419 5202 573 5258 debeantur.
591 5202 623 5256 lit
636 5218 699 5257 vera
713 5212 805 5259 nostra
831 5205 937 5274 requies
962 5213 1025 5260 tune
1046 5211 1098 5271 est,
1151 5205 1277 5262 uidelicet
1296 5220 1374 5262 coena
1388 5206 1440 5261 hoc
1457 5206 1552 5263 ultimo
1566 5209 1689 5263 corrririo
1701 5208 1874 5279 exprimitur.
1892 5206 1941 5265 uui

287 5337 288 5341 ,
314 5310 375 5349 curn
395 5295 480 5362 ipsam
498 5291 556 5362 jam
579 5292 728 5348 claritatem
754 5293 895 5350 Trinitatis
917 5294 1097 5366 agnoscimus,
1152 5310 1214 5351 cum
1227 5295 1291 5351 lesu
1305 5304 1408 5366 septem
1424 5296 1546 5368 discipuli
1563 5299 1658 5354 adesse
1671 5306 1868 5365 memorantur,
1878 5298 1943 5370 quis

315 5380 395 5452 quarn
415 5383 441 5437 in
465 5386 567 5437 unitate
588 5382 736 5438 diuinitatis
756 5400 814 5440 esse
839 5393 942 5442 certam
966 5396 1098 5443 tenemus.
1152 5384 1212 5441 illos
1226 5394 1256 5440 ot
1270 5386 1388 5441 diximus
1403 5395 1466 5443 tunc
1480 5388 1507 5443 in
1523 5396 1624 5443 aeterna
1648 5388 1794 5444 reiectione
1818 5389 1942 5459 recipiet,

315 5472 515 5543 Quinquaginta
528 5481 556 5526 ct
579 5488 661 5526 unum
687 5482 727 5527 ter
754 5474 885 5541 ducimus,
900 5484 929 5530 ct
951 5475 1099 5532 electorum
1153 5476 1279 5546 quipleni
1292 5494 1364 5533 nunc
1378 5478 1543 5549 septiformis
1556 5479 1692 5550 gratiaein
1707 5493 1800 5534 amore
1823 5478 1944 5551 Spiritus

315 5566 1100 5639 summamiosupcrnapatriaquasicentumquinquapinta
1153 5567 1289 5632 anhelant,
1304 5567 1424 5638 quidest
1443 5570 1514 5639 quod
1535 5569 1699 5641 Redemptor
1722 5578 1816 5626 noster
1837 5570 1943 5640 pisaeus

317 5657 396 5711 trium
411 5657 525 5726 piscium
538 5672 678 5713 numerum
690 5664 823 5712 urrernus.
846 5658 911 5713 Post
924 5658 1102 5713 resurrectio-
1152 5670 1245 5710 assum
1261 5665 1322 5726 post
1337 5658 1563 5713 resurrectionem
1585 5660 1769 5725 manducavit,
1790 5667 1818 5714 et
1838 5658 1868 5713 iu
1888 5656 1944 5714 atis

316 5761 454 5801 tremuere
468 5743 573 5802 Domini
587 5747 699 5801 missum
722 5754 790 5811 rctc,
805 5748 914 5820 dignum
935 5747 986 5803 tuit
1007 5756 1036 5803 ut
1062 5756 1102 5804 tot
1151 5743 1295 5815 Evangelio
1309 5745 1480 5802 dieiturcuro
1502 5748 1577 5817 pisce
1599 5763 1660 5803 asso
1684 5747 1774 5803 latum
1798 5746 1900 5814 mellis.
1914 5745 1944 5803 5¹¹

317 5836 404 5906 pisces
417 5844 536 5907 caperet,
547 5843 613 5907 quot
627 5834 795 5892 solummodo
812 5836 913 5893 electos
936 5838 1032 5909 dignos
1054 5854 1102 5894 su·
1151 5834 1204 5890 isto
1215 5849 1280 5889 rero
1293 5850 1388 5905 panem
1399 5851 1459 5892 eum
1470 5836 1563 5908 piseel
1584 5835 1654 5904 Quid
1672 5838 1744 5892 enirn
1765 5836 1851 5906 piscis
1863 5849 1944 5892 astru

316 5943 406 5998 pternae
418 5928 512 5999 patriae
523 5927 685 5999 designaret.
703 5926 752 5982 Est
763 5942 870 6000 quoque
884 5928 936 5983 alia
951 5930 1103 6000 supputatio
1151 5925 1358 5997 signiacensis
1372 5925 1647 5998 Christumpassurat
1667 5926 1736 5995 Quid
1752 5924 1829 5981 ianus
1843 5924 1945 5994 meilis,

316 6011 398 6088 bolus
409 6016 555 6091 sepoeuarfi
568 6025 596 6073 ct
614 6016 718 6074 dena'rii
732 6017 848 6073 numeri.
871 6015 939 6074 Nam
962 6020 986 6075 si
1000 6020 1035 6075 ah
1049 6033 1103 6075 uno
1151 6018 1204 6075 nisi
1213 6018 1361 6075 diuinitatis
1372 6018 1547 6075 dulceamen?
1559 6019 1645 6078 Piscis
1656 6020 1771 6091 estquia
1784 6018 1843 6090 ipsc
1857 6016 1946 6083 latere

319 6116 413 6165 unum
424 6105 834 6181 numeroseornputcausquead
846 6108 977 6167 deremet
989 6119 1102 6183 septem,
1152 6110 1315 6183 dignatusin
1329 6110 1536 6246 aqmssbumsni
1557 6112 1664 6186 generis
1687 6121 1738 6169 est.
1764 6109 1832 6183 Capi
1858 6109 1946 6168 volut
