4500 6842
328 622 382 680 ιω
875 616 1026 674 ltotilttAE
1047 617 1080 672 tn'
1101 618 1227 673 evettlss.
1250 619 1293 673 ΕΤ
1312 619 1419 676 celse
1910 627 1960 683 litu

325 756 406 799 sacra
429 740 508 811 Juxta
533 745 667 803 naturum,
691 738 768 793 aliter·
785 736 863 807 justa
885 738 1009 809 culpant,
1038 738 1301 808 aliterAQuouioat
1326 742 1419 809 bonus,
1436 745 1559 814 quoniam
1580 745 1606 798 iu
1627 754 1752 798 o’ter‘rumt
1779 747 1958 800 misericordia

323 831 402 903 juxta
413 831 614 899 corruptionem
629 828 874 897 mortalitatisque
890 828 1013 899 exculpe
1031 830 1118 885 couti·
1168 831 1236 902 ejus.
1263 832 1405 890 l‘ostrcnro
1430 844 1459 889 ut
1480 835 1560 890 etium
1578 834 1687 905 perfidis
1708 835 1734 889 iu
1759 834 1861 906 judicia
1876 850 1957 905 quant

324 928 364 996 git
386 924 547 995 appellatur.
561 920 643 975 Juxta
660 929 785 974 naturam
807 921 914 989 quidem
932 935 994 975 cunr
1015 923 1116 977 dictum
1165 925 1238 995 juste
1265 926 1426 981 damnentur
1449 935 1556 982 ostensa
1582 928 1651 982 inter
1674 927 1737 993 alia,
1762 926 1860 1000 flagitia
1876 926 1957 986 ctiam

323 1025 386 1070 cst:
404 1014 546 1068 llaenunc
570 1011 759 1067 oseaossiius
775 1013 848 1078 meis,
864 1021 888 1067 et
910 1014 1017 1070 cnrods
1037 1030 1117 1068 carue
1168 1016 1306 1071 vulnerum
1326 1032 1385 1085 quac
1408 1019 1442 1072 ab
1465 1019 1497 1073 iis
1518 1019 1636 1088 suscepit
1664 1018 1791 1075 cicatrice
1806 1017 1955 1075 denuntiet.

324 1124 394 1171 rrsea,
407 1116 432 1160 et
449 1104 562 1160 Verium
576 1120 639 1159 coro
652 1105 750 1174 factum
762 1114 809 1169 cst,
821 1115 845 1158 et
858 1105 981 1159 lreiiteuit
992 1106 1019 1161 iu
1031 1106 1114 1161 nobis.
1170 1108 1256 1165 Veluti
1272 1110 1294 1164 si
1311 1109 1388 1163 miles
1401 1109 1499 1179 aliquis
1513 1109 1685 1174 fortissimus,
1699 1110 1811 1180 jubente
1833 1125 1882 1165 suo
1893 1126 1957 1183 roge

322 1197 405 1252 lrrrta
431 1198 538 1269 culpam
565 1211 631 1252 vero
652 1213 713 1252 cum
731 1197 838 1262 dieitur,
866 1195 935 1250 Caro
957 1198 1116 1268 concupiscit
1167 1216 1216 1272 pro
1232 1202 1314 1257 totius
1337 1201 1424 1272 gentis
1438 1199 1534 1263 salute,
1560 1199 1690 1271 singulari
1715 1200 1864 1256 certamine
1877 1200 1957 1257 desu-

322 1288 450 1343 adversm
471 1288 604 1357 ιρὶιίιιιιιι,
625 1288 732 1357 spiritus
760 1287 883 1341 aduersus
900 1286 1115 1355 carnem5ju1ta
1166 1291 1243 1355 daus,
1257 1289 1349 1345 multis
1368 1289 1476 1358 quidem
1488 1289 1643 1344 vulneribus
1654 1291 1784 1361 exceptis,
1796 1292 1902 1346 lrostem
1915 1299 1955 1345 ta-

321 1378 580 1449 curruptibilitatcm
599 1387 689 1433 autern
712 1393 773 1433 cum
792 1377 922 1447 scriptum
935 1387 996 1434 est:
1011 1379 1046 1433 ist
1059 1396 1113 1434 me-

322 1480 418 1524 moratu
430 1479 490 1525 suut
503 1471 566 1542 quio
579 1486 642 1525 cura
663 1477 734 1536 sunt,
749 1469 777 1523 id
800 1477 841 1523 est
855 1467 965 1539 fragiles
983 1478 1011 1525 et
1031 1470 1115 1526 mori·

321 1563 416 1617 liundi.
432 1562 490 1617 lloc
505 1562 577 1617 enim
593 1577 622 1617 εε
632 1562 722 1617 carnis
734 1561 843 1616 nomine
855 1560 1012 1633 designasse
1029 1561 1112 1615 maui-

320 1656 405 1712 iestat
426 1657 484 1728 ipse
503 1654 642 1726 psalmista
666 1654 712 1725 qui
731 1655 853 1723 protinus
876 1655 950 1710 addit
972 1673 978 1709 :
998 1654 1113 1724 Spiritus

320 1747 418 1801 uadens
436 1756 460 1801 et
482 1762 535 1800 aon
547 1746 660 1800 rediens.
676 1744 798 1815 Regnum
819 1745 910 1814 itaque
923 1744 970 1799 Dei
983 1759 1046 1799 caro
1059 1757 1112 1799 non

1166 1396 1227 1436 men
1242 1380 1394 1447 interficiat,
1415 1379 1499 1451 spolia
1514 1379 1572 1449 ejus
1597 1381 1716 1449 diripiat,
1733 1381 1873 1436 victoriam
1900 1397 1955 1438 suu

1165 1475 1238 1544 genti
1251 1483 1380 1544 reportet,
1391 1483 1420 1529 ct
1429 1476 1611 1545 iuterrogatus
1624 1490 1639 1527 a
1651 1473 1754 1529 rstedico
1764 1474 1806 1529 cui
1818 1473 1957 1529 carotidas

1165 1566 1349 1629 corvrurittitur‚
1375 1565 1445 1620 lianc
1465 1564 1530 1619 velit
1543 1564 1633 1619 curari
1652 1573 1681 1618 ut
1702 1580 1752 1620 nec
1766 1564 1878 1637 vestigia
1894 1565 1953 1619 vul-

1164 1671 1259 1711 nerum
1285 1656 1339 1710 ulla
1365 1656 1512 1721 resideant,
1537 1671 1572 1709 an
1600 1657 1685 1727 magis
1708 1657 1744 1710 ita
1763 1666 1793 1711 ut
1813 1657 1956 1713 cicatrices

1164 1745 1271 1815 quidem
1286 1754 1453 1812 remaneant,
1479 1745 1636 1801 deformitas
1654 1761 1718 1800 vcro
1732 1762 1844 1817 prorsus
1865 1746 1956 1801 oannis

319 1836 480 1906 possidebit,
500 1836 526 1892 id
547 1845 599 1900 εει,
621 1850 685 1891 caru
694 1832 772 1903 justa
785 1834 890 1903 culpam
904 1834 946 1889 vcl
965 1833 1112 1888 moualiu-
1163 1849 1190 1893 et
1202 1838 1308 1894 ioeditas
1319 1840 1399 1905 absit,
1413 1839 1574 1909 respoudeat
1587 1839 1684 1909 sapius
1695 1839 1731 1894 ita
1741 1854 1770 1895 se
1785 1839 1852 1893 velle
1863 1840 1955 1895 sanari

321 1936 387 1982 tent.
413 1928 447 1981 Et
461 1935 627 1981 tamencaro
640 1926 788 1995 possidebit
807 1941 920 1995 regnum
935 1924 994 1990 bei,
1012 1924 1039 1979 id
1058 1933 1111 1990 est,
1163 1938 1192 1983 ut
1207 1938 1263 1984 toto
1280 1930 1375 1987 salutis
1398 1930 1558 2001 decorisque
1572 1931 1681 2001 pristini
1696 1940 1766 1987 stetu
1783 1941 1953 2001 recuperato,

319 2036 387 2075 cara
405 2021 485 2091 juxta
506 2028 630 2073 naturam
647 2034 727 2087 quam
751 2025 778 2073 et
803 2017 932 2071 eominus
945 2026 1006 2087 post
1020 2032 1111 2072 resur·
1163 2028 1292 2089 perpetua
1314 2036 1405 2075 secum
1422 2020 1489 2074 tanti
1512 2019 1687 2076 circumierat
1707 2021 1782 2093 sigua
1797 2022 1952 2100 triumphi:

319 2112 471 2166 rectionem
494 2110 637 2166 ridendam
650 2108 865 2178 palpandamque
878 2108 1015 2178 discipulis
1035 2108 1111 2164 exhi·
1125 2104 1148 2161 Β
1163 2111 1202 2166 sic
1216 2110 1337 2180 proiecto
1353 2112 1483 2166 Douriuus
1507 2112 1625 2181 perpetis
1645 2113 1680 2167 ob
1704 2112 1809 2183 signum
1834 2111 1954 2169 victorie

319 2202 389 2257 buit.
404 2201 439 2255 Et
461 2199 496 2256 de
518 2216 571 2270 qua
583 2201 679 2255 beatus
698 2197 758 2264 lob,
774 2215 836 2254 cum
857 2198 972 2271 gloriam
992 2214 1113 2256 resurre-
1162 2220 1215 2258 nou
1233 2213 1344 2273 excepta
1361 2219 1410 2273 pro
1429 2203 1508 2258 uobis
1524 2213 1635 2258 vulnera
1658 2204 1802 2275 passionis,
1821 2206 1868 2260 sed
1883 2203 1953 2275 ipso-

318 2291 420 2346 ctiouis
433 2290 609 2355 describeret,
621 2290 659 2344 ait
672 2307 679 2342 ι
694 2289 726 2343 Et
738 2306 842 2344 rursum
854 2290 1113 2361 urcnmdaborpciic
1161 2311 1220 2348 rura
1247 2295 1389 2349 cicatrices
1404 2294 1474 2350 coeio
1494 2292 1595 2349 inierre
1609 2310 1690 2363 quam
1716 2294 1823 2349 abolere
1848 2295 1952 2351 maluit.

318 2398 389 2445 meo,
404 2390 429 2434 et
443 2381 471 2434 irr
492 2397 571 2434 cante
591 2397 649 2435 mec
663 2380 753 2435 u'debo
768 2380 863 2434 deum.
879 2380 950 2452 Lege
970 2380 1111 2450 epistolum
1161 2387 1216 2443 Nec
1232 2397 1320 2442 minen
1331 2402 1363 2442 cx
1377 2388 1420 2443 bis
1436 2386 1573 2457 quidpiam
1587 2386 1649 2441 fidei
1664 2396 1763 2442 nostre
1778 2386 1953 2443 resurreetio-

316 2471 406 2526 suueti
422 2471 564 2542 Augustini
575 2470 608 2525 ad
623 2471 808 2546 Consentium,
827 2472 990 2543 decerpere
1004 2472 1110 2528 Domini
1160 2478 1203 2532 nis
1217 2478 1382 2548 praejudicat,
1400 2478 1433 2532 dc
1449 2491 1503 2546 qua
1527 2478 1616 2532 veraci
1641 2478 1820 2549 promissione
1832 2479 1953 2549 predici-

318 2570 381 2632 post
394 2560 631 2615 resurrectionem.
1161 2577 1205 2622 tur
1224 2582 1231 2621 t
1247 2566 1281 2621 Et
1300 2566 1412 2638 capillus
1427 2567 1460 2620 de
1475 2567 1559 2638 capite
1574 2575 1657 2621 uestm
1672 2584 1725 2620 aaa
1736 2568 1838 2638 peribit.
1856 2567 1952 2623 Adbuc

355 2658 391 2714 Et
406 2675 466 2712 cum
489 2658 538 2712 boc
552 2658 670 2723 dixisset,
684 2658 797 2713 ostendit
815 2658 852 2713 eis
875 2676 968 2713 uanus
983 2670 1008 2715 et
1022 2660 1110 2730 pedes,
1160 2672 1249 2718 auem
1274 2678 1327 2717 aon
1352 2661 1523 2717 credentibus
1546 2669 1574 2717 ct
1589 2662 1749 2716 mirantibus
1774 2676 1830 2732 prce
1853 2660 1951 2732 gaudio

318 2749 472 2805 nonsolum
490 2758 627 2805 manuset
640 2750 722 2820 pedes
745 2750 842 2818 quibus
864 2749 948 2804 indita
972 2750 1110 2807 clavorum
1159 2756 1245 2810 dixit:

319 2842 445 2899 claruere
459 2841 584 2913 vestigia,
602 2842 649 2895 sed
663 2847 810 2895 attestante
821 2837 935 2906 loanne,
946 2840 1029 2894 etiam
1039 2839 1110 2896 lotas
1195 2842 1304 2898 deictis
1325 2842 1367 2896 irie
1393 2841 1493 2913 almnid
1515 2840 1585 2912 quod
1605 2840 1799 2895 manducetur?
1816 2839 1858 2896 dd
1886 2839 1951 2896 iusi-

318 2934 391 3004 quod
404 2934 497 2988 lancea
509 2930 676 3001 periuratum
687 2929 775 2985 iuerat
785 2931 964 2986 ostenditrut
975 2930 1107 2998 videlicet,
1159 2936 1294 2991 noandum
1314 2933 1521 2989 resurrectionis
1537 2948 1593 2987 sum
1609 2932 1763 2998 veritatem,
1785 2946 1839 2987 nou
1861 2931 1948 2988 solutu

318 3034 428 3078 ostensa
444 3022 585 3078 vulnerum
599 3038 709 3078 suarum
720 3022 857 3089 cicatrice,
869 3023 1014 3078 dubietatis
1027 3031 1108 3093 atque
1158 3027 1233 3098 tangi
1243 3042 1259 3080 a
1269 3025 1417 3094 discipulis,
1429 3026 1474 3080 sed
1484 3024 1567 3078 ctiam
1583 3023 1708 3079 convesci
1719 3039 1779 3079 cum
1792 3022 1844 3078 illis
1854 3024 1949 3094 digna-

318 3116 488 3171 innectimus
499 3130 593 3171 eurora
607 3115 704 3170 vulnus
720 3123 838 3171 sanaret.
855 3113 955 3170 Verum
975 3117 1108 3185 quomodo
1160 3128 1211 3172 tur.
1223 3115 1281 3171 Non
1293 3116 1401 3185 quidem
1416 3116 1494 3184 quasi
1516 3122 1577 3184 past
1590 3114 1816 3169 resurrectionem
1832 3114 1892 3169 cibo
1905 3113 1948 3169 ia·

317 3216 379 3276 pust
393 3207 620 3262 resurrectionem
644 3206 838 3261 clavorumvel
852 3206 952 3262 lanceae
969 3205 1028 3261 loca
1042 3210 1108 3275 ptur'-
1158 3208 1259 3279 digeas,
1284 3223 1333 3262 uec
1355 3207 1431 3275 quasi
1445 3222 1495 3261 nos
1518 3206 1545 3260 in
1567 3205 1764 3260 resurrectione
1786 3205 1854 3261 cibis
1867 3220 1947 3277 egere

318 3295 611 3367 ‹leurdodiscipulorum
626 3296 813 3367 dignatusest,
830 3296 910 3353 iidem
921 3311 1051 3367 spemque
1064 3311 1108 3353 ro-
1157 3296 1324 3368 signibenns,
1340 3297 1386 3351 sed
1403 3303 1431 3350 ut
1443 3310 1476 3351 eo
1493 3296 1572 3350 modo
1587 3304 1711 3350 naturam
1727 3296 1849 3366 corporis
1860 3312 1949 3351 resur-

318 3386 428 3451 borarc,
443 3386 483 3441 itu
496 3387 523 3441 iu
534 3387 578 3442 die
586 3387 691 3457 judicii,
705 3387 836 3442 eteadem
847 3402 902 3442 succ
919 3386 1052 3456 passionis
1065 3387 1106 3441 iu·
1158 3388 1245 3457 gentis
1269 3396 1413 3450 astrueret,
1441 3402 1475 3441 ne
1490 3386 1553 3441 illud
1568 3402 1621 3441 riou
1646 3402 1744 3457 corpus
1762 3386 1809 3442 scd
1822 3387 1948 3457 spiritum

318 3479 400 3543 dicia,
412 3488 440 3532 et
451 3479 537 3548 ipsam
546 3479 648 3549 pariter
662 3492 771 3534 erucem
789 3479 964 3533 monstrando
977 3488 1106 3534 vetiturus
1120 3465 1142 3527 C
1158 3495 1218 3536 csse
1239 3478 1445 3542 arbitrarentur,
1467 3487 1495 3533 ct
1505 3478 1556 3533 sibi
1570 3492 1622 3532 nou
1638 3477 1723 3532 solide
1737 3478 1784 3533 sed
1797 3476 1948 3548 itnaginali-

318 3578 360 3625 est
380 3569 546 3639 impietatem
571 3569 749 3641 superborum
777 3568 1016 3639 infidelitatemque
1041 3586 1108 3626 cou-
1158 3578 1199 3624 ter
1211 3584 1353 3640 apparere,
1368 3568 1541 3623 manducavit
1555 3575 1688 3638 potestate
1703 3583 1756 3623 non
1774 3568 1946 3623 necessitate.

319 3662 433 3717 laudere
450 3679 458 3717 z
473 3662 577 3719 scilieet
590 3670 618 3717 et
633 3670 662 3717 ut
678 3663 765 3731 ipsum
790 3677 894 3717 ecesse
909 3663 954 3731 qui
968 3663 1003 3718 ab
1018 3662 1108 3733 impiis
1157 3660 1241 3714 Aliter
1255 3660 1327 3714 enim
1340 3659 1466 3714 absorbet
1479 3674 1576 3727 aquam
1591 3667 1662 3713 terra
1677 3658 1780 3724 sitiens,
1796 3657 1948 3714 alitersolis

316 3761 345 3809 et
358 3768 410 3824 pro
424 3753 517 3823 lmpiis
530 3762 653 3809 munaus
669 3762 711 3809 est
732 3754 836 3809 eunctis
853 3754 942 3823 palam
965 3754 1067 3824 angelis
1080 3763 1109 3809 et
1157 3753 1249 3808 radius
1264 3752 1399 3816 candens;
1416 3751 1459 3804 illa
1474 3750 1633 3819 indigentia,
1648 3750 1698 3806 iste
1707 3750 1837 3821 patentia.

317 3844 475 3901 bominibus
498 3847 633 3911 ostendat,
657 3846 820 3916 videantque
844 3855 875 3901 ut
892 3847 1021 3917 scripturn
1041 3854 1105 3903 cst:
1192 3841 1273 3895 Atilii
1286 3840 1434 3896 abtulerunt
1448 3842 1577 3912 eiportem
1590 3842 1668 3911 piscis
1679 3842 1733 3896 ossi
1743 3850 1767 3896 ct
1781 3842 1870 3912 [auum
1881 3838 1948 3894 ruel-

316 3934 441 4007 lttquent
454 3947 663 4008 pupupesum,et
678 3938 842 4010 pionpaatsc
857 3955 1006 4009 supeream
1020 3955 1107 3993 omncs
1157 3935 1207 3997 iis:
1222 3945 1314 3989 etcum
1334 3935 1516 3988 manducasset
1531 3950 1619 3987 coraus
1640 3934 1688 3999 eis,
1702 3949 1806 3988 sununs
1822 3931 1947 4002 reliquias

317 4026 401 4079 tribus
415 4035 501 4080 temer.
516 4025 588 4082 Sanc
600 4026 745 4082 notandum
759 4025 831 4097 quod
841 4027 928 4083 solent
941 4029 968 4083 in
982 4030 1034 4083 lroe
1047 4029 1106 4083 loco
1157 4025 1228 4080 dedit
1248 4025 1295 4079 eis.
1311 4023 1380 4092 Quid
1394 4022 1547 4093 significare
1567 4022 1702 4076 credimus
1715 4021 1817 4091 piscem
1837 4020 1948 4076 assumi

317 4114 431 4185 gentiles
444 4113 605 4170 calumniam
619 4124 725 4172 stmere
740 4118 1105 4190 ctlldemsperataeanobis
1158 4116 1209 4171 nisi
1234 4116 1320 4186 ipsum
1343 4112 1518 4168 mediatorem
1536 4111 1582 4165 liei
1605 4119 1633 4165 et
1657 4110 1795 4165 bominum
1823 4123 1945 4181 passum.

317 4206 527 4282 resurrectionis
551 4206 634 4260 stulta
649 4207 808 4276 garrulitate
833 4209 966 4265 deridere.
990 4208 1019 4264 Si
1034 4209 1106 4264 enim
1157 4207 1215 4275 lpse
1228 4206 1299 4261 enim
1315 4204 1400 4258 latere
1426 4204 1552 4274 diguatus
1571 4210 1613 4256 est
1637 4203 1664 4257 iu
1679 4202 1755 4271 aquis
1769 4201 1877 4273 generis
1895 4199 1946 4255 lru·

318 4294 376 4361 ipse
387 4292 458 4348 bens
471 4303 570 4360 vester,
581 4294 716 4364 inquiunt,
731 4310 781 4350 acc
798 4294 849 4351 sibi
864 4294 964 4350 indicta
979 4312 995 4350 a
1008 4295 1108 4351 ludaris
1158 4296 1241 4360 urrani,
1257 4294 1317 4364 capi
1331 4292 1415 4348 voluit
1425 4292 1521 4361 laqueo
1534 4291 1630 4346 mortis
1640 4300 1749 4356 nostra,
1764 4299 1791 4344 ct
1803 4290 1881 4361 quasi
1894 4278 1945 4346 tii-

318 4385 430 4440 rulnera
453 4401 552 4442 curare
572 4386 723 4457 prevaluit,
738 4387 786 4442 scd
812 4387 968 4442 cicatricum
992 4388 1106 4460 vesugia
1157 4385 1412 4442 bulationcassatus
1423 4391 1464 4439 est
1478 4392 1598 4453 tempore
1610 4380 1743 4454 passionis
1754 4396 1818 4436 suar.
1831 4378 1884 4434 Sed
1898 4380 1945 4450 qui

318 4474 388 4530 coelo
410 4489 515 4540 sectum,
538 4484 568 4530 ut
581 4477 681 4543 dicitis,
697 4477 806 4542 invexit,
822 4491 874 4546 qua
891 4477 1042 4533 temeritate
1056 4489 1106 4549 pu·
1157 4481 1240 4551 piscis
1253 4488 1281 4535 et
1295 4492 1372 4533 assus
1396 4476 1453 4531 lieri
1469 4475 1594 4546 dignatus
1616 4483 1658 4529 est
1671 4473 1698 4528 in
1719 4471 1855 4545 passione,
1867 4469 1947 4524 larus

318 4568 456 4622 tatiscam
467 4566 718 4637 vestradepulvere
730 4568 1108 4638 membraadiutegrumesse
1158 4569 1246 4625 mellis
1275 4567 1352 4622 uobis
1380 4565 1485 4621 exstitit
1508 4566 1535 4619 in
1561 4563 1772 4627 resurrectionc;
1795 4559 1890 4629 etqui
1918 4558 1951 4613 in

320 4661 551 4714 restauraturum?
562 4660 665 4725 Quibus
674 4660 901 4729 respondendum,
909 4659 971 4729 quia
980 4660 1108 4715 Dominus
1158 4661 1232 4731 pisce
1243 4674 1304 4714 asso
1313 4658 1423 4728 ilgurari
1439 4655 1523 4711 voluit
1536 4654 1735 4709 tribulationem
1746 4648 1879 4721 passionis
1890 4664 1952 4703 sum-

319 4748 1108 4820 uoster,quisuamperpetuajamimmortalitatcglorifica·
1160 4753 1188 4807 iu
1200 4751 1262 4806 larva
1275 4751 1362 4805 mellis
1382 4759 1525 4819 utramque
1547 4754 1671 4803 naturam
1689 4744 1841 4814 exprimere
1861 4740 1947 4797 voluit

318 4850 375 4895 tam
387 4841 421 4894 dc
432 4839 556 4909 sepulcro
568 4854 678 4894 earnem
693 4839 854 4895 resuscitare
865 4838 973 4907 quando
983 4810 1148 4903 voluit‚etD
1162 4855 1285 4910 personae
1307 4856 1363 4895 sure
1388 4858 1394 4893 :
1411 4837 1489 4893 iavus
1503 4837 1601 4907 quippe
1616 4834 1669 4890 mel
1684 4834 1711 4888 in
1733 4848 1796 4888 cera
1810 4841 1871 4901 est;
1890 4832 1945 4890 mel
2025 4889 2029 4897 ,

318 4931 455 4999 quomodo
463 4930 649 4999 votuitpotuit,
658 4930 739 4984 etiam
747 4929 852 4999 qualem
866 4928 949 4982 voluit
960 4926 1108 4982 suscitavit.
1161 4947 1225 4987 vero
1241 4933 1267 4986 in
1282 4945 1344 4986 cera
1359 4936 1400 4985 est
1412 4929 1538 4984 divinitas
1551 4926 1578 4980 iu
1591 4926 1769 4981 humanitate.
1793 4923 1839 4980 Sic
1854 4936 1945 4983 autem

318 5017 411 5088 Neque
421 5020 672 5088 enimcuusequeus
683 5028 725 5074 εει
734 5019 817 5088 utqui
830 5018 931 5088 majora
939 5016 1036 5073 iecisse
1047 5031 1110 5087 pro-
1160 5037 1207 5076 sua
1222 5020 1387 5089 Redemptor
1400 5018 1500 5072 indicat
1512 5024 1541 5069 ut
1552 5016 1709 5072 invitationis
1723 5018 1794 5071 viam
1813 5017 1890 5073 nuliis
1903 5034 1946 5074 se-

318 5109 409 5174 batur,
419 5109 524 5164 miuora
540 5105 629 5162 iacere
639 5108 803 5178 nequiverit;
819 5107 866 5161 sed
882 5104 1106 5176 certedispeasa-

320 5200 402 5254 tionis
411 5200 500 5271 gratia
511 5199 557 5269 qui
569 5198 657 5267 ιιιεῐιιε
672 5199 734 5254 lecit
743 5199 832 5253 mitius
842 5195 931 5252 iacere
943 5197 1106 5269 supersedit,

319 5292 373 5346 boe
394 5292 506 5361 estqui
532 5292 628 5346 mortis
647 5307 728 5362 regua
754 5294 887 5349 destruxit
911 5294 987 5364 signa
1012 5293 1107 5347 mortis

318 5383 476 5439 oblitterare
495 5382 590 5438 uoluit.
605 5381 695 5437 Primo
709 5384 832 5439 videlicet
844 5392 874 5439 ut
886 5399 935 5455 per
949 5385 1006 5439 brec
1028 5385 1108 5440 disci-

319 5473 389 5545 pulis
412 5472 493 5528 iidem
514 5486 571 5526 suae
588 5473 793 5528 resurrectionis
805 5483 952 5538 astrueret;
969 5474 1064 5529 deiude
1079 5483 1109 5528 ut

321 5564 394 5618 Patri
407 5578 458 5633 prro
478 5563 556 5618 uobis
578 5563 740 5632 supplicans,
753 5563 832 5634 quale
853 5579 937 5635 genus
949 5565 1045 5619 mortis
1056 5579 1106 5634 pro

321 5654 474 5707 ittartaliuru
486 5654 540 5708 vita
561 5653 702 5723 perculerit
715 5668 822 5723 semper
832 5654 970 5719 ostendat;
986 5656 1065 5709 tertio
1077 5663 1107 5708 ut

320 5758 369 5798 sua
383 5753 471 5798 morte
483 5744 629 5814 redemptis
641 5760 721 5814 quarn
734 5745 943 5800 misericorditer
955 5746 1009 5800 sint
1022 5746 1106 5816 adjuti

319 5836 467 5907 prqmsitis
483 5851 590 5906 semper
608 5835 729 5905 ejusdem
750 5835 846 5891 ruords
860 5835 969 5890 innovet
988 5837 1106 5901 indiciis,

320 5922 436 5996 ideoque
455 5925 654 5984 misericordiae
676 5926 780 5982 Donum
797 5926 824 5980 in
847 5933 977 5980 aeternum
997 5934 1106 5980 mutare

319 6030 376 6074 uun
384 6026 503 6088 meent,
514 6019 563 6077 scd
571 6020 662 6076 dicatu
674 6020 719 6089 qui
730 6018 859 6142 ιειψιι
870 6027 960 6073 surtta
975 6017 1104 6075 Ιιοιιιίιιοι

1159 5110 1304 5179 quentibus
1322 5115 1436 5163 sternat.
1455 5106 1526 5161 Ecce
1538 5105 1610 5160 enim
1630 5106 1658 5161 in
1669 5108 1729 5163 cibo
1742 5123 1791 5163 suo
1802 5107 1868 5177 pisci
1883 5094 1946 5163 asso

1158 5199 1319 5268 corrjrmgere
1337 5198 1426 5252 lovum
1442 5196 1535 5262 voluit,
1551 5197 1614 5268 quia
1635 5198 1761 5253 videlicet
1774 5197 1833 5254 illus
1848 5198 1874 5253 iu
1895 5213 1945 5258 suo

1159 5305 1272 5360 corpore
1284 5289 1317 5344 ad
1329 5296 1457 5344 aeternam
1472 5289 1588 5358 quietem
1611 5289 1733 5359 suscipit,
1754 5290 1799 5359 qui
1820 5306 1881 5345 cum
1899 5291 1944 5346 lric

1159 5381 1345 5436 tribulationes
1357 5394 1406 5448 pro
1416 5378 1470 5433 lico
1485 5378 1604 5434 sentiunt
1618 5380 1652 5434 ab
1662 5393 1753 5434 amore
1767 5380 1878 5435 interna.
1887 5378 1945 5434 dul-

1157 5472 1260 5528 cedinis
1273 5485 1325 5524 uon
1337 5469 1474 5525 recedunt.
1486 5472 1552 5526 Cum
1568 5486 1630 5527 asso
1645 5471 1718 5540 pisce
1731 5469 1808 5527 iavus
1817 5470 1943 5544 sumitur,

1157 5561 1220 5633 quia
1232 5562 1278 5630 qui
1291 5561 1334 5615 hic
1343 5559 1514 5617 afflictionem
1524 5577 1574 5633 pro
1587 5563 1703 5619 veritate
1717 5563 1878 5633 suscipiunt,
1890 5561 1945 5617 illie

1158 5653 1299 5707 dulcedine
1314 5667 1377 5707 vcra
1395 5654 1535 5709 satiantur.

1194 5745 1227 5799 lit
1246 5745 1312 5798 dicit
1336 5747 1370 5799 od
1395 5745 1556 5803 iliossllcec
1580 5758 1641 5803 suut
1657 5752 1735 5803 uerba
1760 5764 1818 5810 aaa
1842 5746 1944 5803 iocatus

1158 5851 1216 5890 sum
1241 5835 1275 5889 od
1288 5853 1331 5890 aas
1353 5837 1603 5893 camedonensem
1619 5841 1759 5905 uobiscum,
1778 5839 1866 5905 idest,
1881 5854 1943 5895 cum

1159 5925 1246 5980 adhue
1266 5940 1353 5982 essem
1376 5927 1404 5981 in
1427 5943 1508 5983 carue
1522 5928 1638 5996 mortali,
1655 5930 1681 5983 in
1697 5943 1750 5999 qua
1768 5929 1833 5985 estis
1845 5937 1872 5985 ct
1885 5946 1943 5985 vos.

1159 6017 1234 6074 tnnc
1253 6018 1327 6075 cuim
1338 6018 1366 6075 in
1388 6020 1482 6077 erdem
1496 6036 1590 6091 carue,
1603 6020 1650 6077 sed
1662 6020 1715 6075 illis
1727 6021 1755 6078 ia
1767 6024 1860 6080 eadem
1872 6038 1945 6082 stiur·
