4500 6842
308 689 363 745 283

648 688 677 742 b.
697 685 823 741 natitant
843 685 951 742 iratist
971 685 1129 741 rinctttbr.
1152 686 1303 744 abnuat.
1324 686 1465 745 enuntiat
1485 689 1574 745 PARS
1590 690 1622 745 it.

1891 692 1942 749 ‘ist

309 803 443 875 nequiret.
464 799 615 858 Notandum
639 808 744 863 autem,
771 797 834 867 qaia
857 797 928 865 quod
946 797 979 852 dc
998 795 1099 851 carnali
1115 801 1139 859 Α
1153 798 1305 867 quempiam
1319 795 1436 867 Spiritus
1455 798 1488 852 ad
1503 800 1597 853 limam
1624 798 1776 868 impleverit
1788 814 1842 855 noa
1866 811 1945 872 potes

309 893 386 960 dixit,
405 891 458 950 hoe
472 894 554 948 etiarn
568 892 602 947 de
617 888 729 961 spiritali
754 897 798 944 est
811 888 1015 960 regeneratione
1036 903 1098 943 sen·

310 985 449 1041 tiendum.¹
471 983 646 1051 Nequaquam
664 979 790 1035 videlicet
812 994 873 1033 eam
895 987 1037 1049 postquam
1054 992 1098 1032 sc·

308 1076 361 1131 mel
387 1073 493 1144 expleta
516 1071 607 1136 luerit,
632 1086 711 1143 posse
738 1069 834 1139 repeti.
862 1069 926 1124 Sive
948 1069 1021 1123 enim
1045 1068 1100 1123 be-

308 1164 411 1219 reticns
444 1164 500 1219 sive
526 1162 714 1219 schismaticus
739 1159 907 1216 facinorosas
932 1159 1046 1232 quisque
1071 1159 1098 1213 iu

307 1255 475 1310 confessione
496 1262 596 1309 ιιιιιιι
615 1253 756 1308 Trinitatis
782 1253 920 1322 baptizet,
950 1266 1004 1306 non
1028 1250 1101 1305 valet

307 1344 408 1415 illequi
440 1344 592 1414 baptizatas
617 1351 669 1407 cst,
684 1359 699 1397 a
712 1344 790 1399 bonis
811 1343 952 1399 catholicis
977 1341 1097 1411 rebapti-

307 1434 374 1503 zari,
389 1450 423 1490 ne
434 1433 569 1491 confessio
583 1442 610 1488 ct
625 1433 760 1489 invocatio
773 1433 842 1487 tanti
864 1431 982 1486 nominis
1005 1417 1098 1486 videa·

307 1535 351 1581 tar
378 1525 521 1581 annullari.
546 1525 579 1579 Et
595 1525 658 1594 qaia
684 1523 847 1579 Nicodamus
860 1523 894 1578 ad
910 1522 1027 1593 primam
1042 1520 1095 1576 llo-

306 1616 372 1670 mini
389 1615 589 1686 responsionem
603 1613 736 1668 sollieitns
747 1612 883 1682 quomodo
897 1613 932 1667 sit
947 1612 1097 1682 intelligen-

306 1705 339 1759 da
351 1704 494 1777 diligenter
510 1702 635 1774 inquirit,
654 1702 839 1771 monetariam
861 1702 967 1773 planias
988 1702 1095 1767 instrui,

306 1804 333 1849 et
345 1794 408 1866 qaia
426 1796 544 1851 secanda
564 1796 691 1850 nativitas
714 1810 767 1850 non
782 1794 898 1851 carnalis
913 1803 965 1860 est,
978 1793 1026 1850 sed
1041 1795 1096 1865 spi-

306 1885 393 1941 ritalis
410 1885 514 1940 audire.

1151 887 1252 950 ridere,
1266 887 1401 955 quomoda
1415 888 1557 942 intraverit
1566 895 1595 942 et
1606 888 1742 957 quomodo
1766 890 1880 946 redierit
1894 893 1943 963 qai

1151 984 1246 1029 natura
1265 985 1309 1030 est
1322 975 1473 1030 invisibilis.
1502 976 1547 1030 Sic
1561 985 1599 1029 est
1616 976 1699 1030 antris
1711 977 1757 1048 qai
1771 989 1849 1035 notas
1864 989 1944 1037 esta

1149 1065 1252 1135 spiritu,
1268 1072 1295 1120 et
1310 1066 1367 1135 ipse
1391 1066 1464 1120 caira
1480 1065 1652 1120 invisibiliter
1678 1076 1776 1138 agente
1794 1071 1892 1139 spirita
1904 1072 1946 1127 ia·

1149 1155 1216 1224 cipit
1240 1170 1301 1210 esse
1326 1157 1397 1224 ‹puod
1420 1172 1474 1211 non
1499 1164 1570 1222 erat,
1597 1156 1634 1210 ita
1660 1165 1690 1211 ut
1709 1158 1803 1215 ildeles
1820 1161 1952 1217 nesciant.

1150 1245 1220 1298 ande
1231 1246 1322 1300 veniat
1336 1256 1364 1300 et
1375 1261 1429 1315 qao
1446 1246 1536 1311 vadat,
1555 1247 1645 1309 idest,
1661 1247 1706 1315 qai
1728 1249 1816 1319 qratia
1832 1264 1947 1320 regens

1150 1336 1262 1392 rationis
1276 1337 1351 1390 venit
1375 1336 1401 1390 in
1422 1335 1593 1405 adoptionem
1619 1336 1735 1392 tiliarum
1758 1339 1818 1405 liei,
1831 1347 1860 1395 ιι
1871 1341 1946 1395 vadit

1148 1425 1176 1480 in
1202 1428 1402 1496 perceptionem
1426 1426 1501 1496 regni
1527 1424 1657 1480 ecelesiis.
1686 1426 1831 1494 daerente
1855 1429 1946 1485 adbuc

1149 1517 1296 1572 Nicodemo
1306 1515 1442 1585 quomodo
1456 1517 1513 1570 baec
1525 1524 1635 1585 possent
1647 1514 1716 1581 deri,

1183 1608 1322 1678 llespaadir
1335 1607 1413 1661 iesus
1428 1617 1451 1661 et
1465 1607 1531 1660 diarii
1546 1608 1570 1660 ei
1586 1623 1595 1660 .·
1612 1605 1650 1659 Tar
1676 1623 1702 1660 es
1720 1609 1845 1678 otaqister
1862 1608 1890 1662 in
1904 1608 1946 1664 ls-

1147 1701 1212 1766 rael,
1228 1709 1251 1753 et
1266 1701 1322 1753 itae
1337 1699 1443 1769 iqnoras
1456 1699 1469 1750 ι
1484 1697 1542 1753 Non
1564 1697 1641 1767 quasi
1658 1698 1787 1753 insultare
1802 1698 1896 1754 volens
1907 1700 1945 1764 ei,

1146 1792 1193 1862 qai
1205 1791 1335 1861 ntaqister
1348 1797 1471 1850 vacetur,
1496 1804 1557 1842 cnm
1574 1787 1608 1844 sit
1636 1789 1744 1859 ignarus
1757 1798 1947 1844 sacramento·

1146 1903 1206 1942 ratu
1226 1885 1388 1950 coelestiam,
1402 1884 1449 1938 sed
1472 1883 1505 1937 ad
1520 1882 1682 1937 humilitatis
1705 1881 1780 1936 illam
1793 1882 1865 1937 viam
1879 1899 1946 1952 pro-

341 1972 484 2043 Respondit
498 1971 577 2027 Jestts
589 1986 598 2024 :
612 1971 706 2039 Amen,
726 1990 803 2028 amen
825 1974 885 2028 dico
899 1974 957 2041 tibi,
973 1974 1024 2028 nisi
1037 1973 1097 2044 qrtis
1147 1992 1259 2038 vocans,
1278 1976 1338 2031 sine
1362 1989 1415 2045 qua
1426 1972 1509 2041 janua
1530 1972 1651 2028 ccelesiis
1669 1988 1722 2027 non
1745 1980 1835 2043 potest
1867 1974 1947 2029 iuve-

305 2074 411 2118 rraatus
424 2064 503 2134 faerit
526 2080 558 2118 es
580 2080 650 2135 aquo
674 2074 698 2119 et
713 2062 815 2135 Spiritu
831 2073 933 2131 sancta,
948 2082 1000 2119 nors
1013 2073 1096 2136 potest
1150 2067 1215 2123 niri.

304 2158 415 2211 introire
440 2158 467 2211 in
490 2174 597 2228 repetam
620 2157 679 2212 Dei.
705 2155 789 2226 Cujus
815 2157 965 2213 nativitatis
989 2147 1137 2212 modtth
1186 2159 1278 2225 Amen,
1293 2176 1369 2214 omen
1386 2158 1445 2212 dico
1461 2158 1506 2211 tibi
1520 2159 1582 2228 quia
1596 2158 1665 2228 quod
1689 2157 1945 2229 seiotusloquirnrtr,

304 2249 501 2318 subsequenter
514 2262 665 2318 exponertS,
675 2247 988 2318 prorsusqueacarnttll
1000 2247 1099 2303 distin·
1149 2253 1254 2324 etqaod
1272 2253 1383 2306 ridiotus
1408 2260 1544 2314 testamur,
1574 2258 1597 2302 et
1622 2249 1797 2303 testimoniam
1826 2260 1948 2303 nostratiis

304 2352 399 2410 fluens,
412 2337 472 2393 ait:
1149 2360 1202 2398 aaa
1217 2344 1346 2413 accipitis.
1363 2342 1393 2397 Si
1404 2352 1508 2395 terreno
1525 2340 1582 2394 aiat
1595 2340 1676 2403 uobis,
1699 2349 1723 2394 et
1748 2355 1801 2393 noa
1826 2340 1946 2404 creditis,

341 2427 418 2493 Quart
433 2438 524 2482 statuat
538 2438 575 2483 est
587 2428 619 2483 de
630 2444 718 2496 rarae,
733 2444 796 2483 care
809 2438 847 2484 est
855 2445 865 2496 ,·
878 2439 902 2484 et
924 2430 994 2501 quod
1007 2439 1098 2484 aarum
1149 2433 1280 2506 quontodo
1294 2433 1317 2488 si
1340 2433 1432 2487 disere
1454 2431 1525 2485 uobis
1542 2431 1668 2495 calestia,
1679 2431 1812 2485 credetis?
1825 2429 1945 2485 Terrena

304 2529 342 2574 est
354 2536 387 2573 ιι
410 2520 515 2591 spirita,
531 2521 638 2591 spiritus
660 2531 710 2576 est.
726 2520 828 2576 Natura
856 2523 986 2594 spiritalis
1002 2523 1097 2579 invisi·
1149 2525 1203 2579 iilis
1213 2524 1281 2580 dixit
1301 2532 1330 2578 ιι
1357 2523 1385 2577 ia
1405 2522 1545 2591 superiore
1564 2521 1679 2577 lectione
1704 2521 1865 2586 invenimus,
1881 2537 1945 2577 carn

304 2612 378 2676 bilis,
406 2612 525 2669 carnalis
547 2619 589 2668 cst
603 2612 738 2681 visibilis;
753 2623 834 2685 atque
848 2615 908 2670 ideo
920 2616 1037 2672 carnalis
1049 2631 1096 2688 ge·
1148 2615 1182 2670 de
1196 2615 1323 2685 passione
1339 2615 1416 2670 aede
1433 2615 1633 2669 resurrectione
1657 2614 1699 2668 sai
1723 2615 1846 2683 corporis
1871 2616 1945 2684 quod

304 2704 409 2758 naratio
431 2704 575 2760 visibiliter
598 2706 818 2772 administratur,
843 2706 995 2763 visibilibus
1009 2708 1099 2763 incre-
1148 2710 1182 2765 de
1213 2719 1284 2763 tcrra
1306 2713 1492 2777 assumpserat
1521 2706 1678 2775 loqueretur
1704 2706 1820 2761 dicens:
1846 2703 1945 2762 Solvite

304 2796 413 2860 mentis,
429 2796 476 2866 qai
495 2796 522 2850 in
539 2811 623 2851 carae
636 2797 759 2852 nascitur
771 2812 820 2869 per
834 2805 944 2853 aetatum
958 2807 1097 2855 momenta
1148 2800 1273 2871 temptam
1287 2802 1346 2866 boc,
1362 2809 1385 2854 et
1400 2800 1428 2853 in
1442 2799 1524 2853 tribus
1544 2799 1636 2853 diebus
1655 2799 1772 2853 ercitabo
1792 2798 1870 2852 illud.
1885 2798 1944 2853 Non

302 2890 410 2961 prolicit
422 2908 429 2944 ι
442 2890 574 2962 spiritalis
586 2899 676 2946 autent
697 2893 837 2963 generatio
852 2900 907 2947 tota
921 2892 1098 2949 invisibiliter
1148 2899 1240 2945 tamen
1255 2890 1404 2945 eredebant
1421 2889 1504 2944 verbo
1524 2889 1595 2957 quod
1617 2888 1694 2952 dixit,
1710 2888 1804 2943 sedne
1818 2888 1944 2958 bocqni-

302 2984 402 3053 agitur.
417 2981 485 3037 Naar
504 2982 612 3037 videtur
624 2983 734 3052 quidem
751 2984 798 3055 qni
816 2983 981 3055 baptizatur,
996 2983 1024 3038 in
1038 2983 1098 3039 lon·
1150 2981 1211 3035 dam
1226 2980 1375 3048 intelligere
1401 2979 1528 3035 valebant
1542 2979 1613 3048 quud
1634 2995 1688 3033 non
1701 2980 1733 3034 de
1747 2978 1800 3034 alio
1814 2994 1898 3049 quam
1909 2979 1944 3034 de

303 3082 357 3126 rein
382 3072 556 3139 descendere,
580 3073 689 3128 videtur
707 3075 785 3145 aquis
812 3074 919 3145 intingi,
944 3074 1052 3128 videtur
1064 3074 1097 3129 de
1147 3071 1247 3141 templo
1261 3072 1384 3141 corporis
1405 3071 1447 3126 sai
1473 3072 1594 3136 diceret;
1613 3072 1658 3140 qui
1685 3084 1750 3141 erqo
1773 3078 1881 3126 terrena
1895 3085 1944 3124 aa·

304 3165 381 3231 aqrris
394 3164 561 3231 ascendere;
583 3165 628 3233 qai
644 3174 732 3220 antem
753 3166 780 3220 in
795 3165 841 3222 illo
862 3166 1000 3222 lavacrum
1020 3181 1094 3237 rege
1146 3163 1250 3218 dientes
1269 3178 1321 3218 non
1343 3164 1496 3234 capiebant,
1514 3172 1616 3231 quanto
1641 3163 1729 3219 minas
1753 3164 1786 3218 ad
1807 3161 1941 3228 caelestia,

304 3254 451 3308 iterationis
464 3254 550 3325 egerit
568 3254 680 3310 traiaime
701 3264 789 3324 potest
807 3256 893 3311 videri
910 3274 916 3309 :
933 3257 989 3312 sola
1003 3265 1095 3313 autem
1147 3254 1173 3308 id
1187 3262 1239 3319 est,
1255 3254 1353 3309 divinae
1365 3253 1548 3326 generationis
1568 3253 1699 3323 capienda
1723 3254 1851 3323 mysteria
1866 3251 1943 3307 sarti-

303 3342 421 3397 tileliam
436 3343 524 3413 pietas
538 3344 621 3406 novit,
644 3344 707 3413 qaia
721 3353 862 3415 peccatam
887 3346 914 3400 in
931 3345 1032 3402 iontem
1050 3346 1096 3400 de-
1145 3345 1221 3400 ciant
1233 3362 1240 3398 :
1254 3345 1330 3399 addit
1346 3353 1437 3399 autern
1454 3345 1542 3400 aditae
1558 3343 1697 3407 Dominus,
1723 3342 1800 3398 etde
1822 3342 1943 3398 ccelesii-

303 3434 415 3497 seendit,
440 3434 486 3490 scd
505 3434 664 3506 puriiiearus
693 3437 835 3504 aseendit;
853 3437 925 3493 lilius
940 3439 1036 3494 mortis
1048 3438 1095 3495 de·
1146 3436 1197 3490 bus
1216 3436 1394 3492 sacramentis
1406 3444 1434 3491 et
1446 3435 1479 3491 de
1499 3435 1613 3490 terrenis
1637 3434 1844 3489 instruereeum
1858 3430 1939 3502 quem

303 3524 418 3587 scurrilia
447 3523 494 3579 scd
520 3523 592 3579 illias
619 3526 828 3581 resurrectionis
852 3528 983 3583 aseendit.
1010 3501 1131 3583 FiliasC
1147 3528 1221 3583 videt
1233 3528 1371 3597 sapienter
1383 3543 1416 3582 ae
1439 3527 1583 3599 diligenter
1598 3526 1641 3581 bis
1667 3540 1728 3595 quae
1752 3525 1829 3580 audit
1849 3526 1941 3580 inten-

302 3617 534 3685 pr·;evar·icatianis
548 3617 700 3682 deseendit,
714 3619 761 3673 sed
776 3618 846 3674 tilius
866 3620 1095 3677 reconciliationis
1149 3621 1224 3676 dere.
1240 3620 1365 3675 Caelestis
1390 3634 1506 3691 namque
1526 3628 1569 3674 est
1587 3618 1709 3673 ascensio
1724 3615 1783 3686 ejas
1805 3617 1940 3672 advitans

302 3706 424 3760 aseendit
436 3722 443 3770 ;
457 3704 529 3761 filius
544 3706 591 3761 ine
618 3706 767 3773 descendit,
780 3710 828 3764 sed
854 3708 925 3765 illias
939 3710 1096 3766 misericor·
1146 3712 1350 3782 sempiternam,
1367 3720 1473 3767 terrena
1500 3724 1564 3765 vero
1584 3707 1712 3764 exaltatio
1736 3707 1795 3778 ejas
1811 3706 1845 3761 ad
1868 3722 1943 3762 ntor·

303 3796 353 3850 dite
366 3796 504 3862 aseendit;
520 3794 592 3851 silius
606 3796 705 3851 diaboli
718 3795 867 3864 descendit,
880 3798 928 3853 sed
954 3799 1026 3854 illius
1046 3799 1095 3854 Dei
1147 3811 1199 3858 tem
1214 3803 1399 3875 temporalem.
1415 3802 1486 3857 llicit
1497 3817 1563 3871 erqo
1572 3802 1606 3855 de
1619 3798 1794 3856 coelestibus:

303 3889 439 3943 ascendit:
462 3888 518 3944 sola
539 3889 598 3944 laec
612 3889 735 3945 Ecclesia
750 3897 837 3945 mater
847 3904 907 3959 quae
921 3899 1032 3962 generat
1046 3905 1090 3947 no
1181 3896 1216 3950 Et
1241 3913 1317 3951 nenio
1341 3897 1457 3951 ascendit
1477 3897 1505 3950 ιι
1528 3894 1630 3959 crelam,
1646 3894 1697 3948 nisi
1710 3894 1755 3964 qtti
1772 3893 1806 3949 de
1818 3892 1882 3948 coeio
1893 3892 1940 3947 ds·

302 3979 349 4031 vit.
365 3977 499 4033 Caeterum
519 3979 605 4034 oculis
617 3980 802 4051 insipientium
814 3980 921 4037 videtur
945 3982 1006 4037 talis
1020 3983 1096 4039 crire
1145 3988 1256 4054 stendit,
1269 3986 1293 4040 F
1294 3987 1356 4041 ilius
1370 3988 1494 4053 tramisit,
1512 3988 1556 4059 qai
1571 3996 1608 4041 est
1620 3988 1648 4041 ia
1664 3986 1738 4042 coelo.
1754 3985 1940 4056 Meritoque·

303 4073 336 4127 de
351 4072 425 4129 lente
438 4074 528 4144 qualis
541 4075 663 4140 intravit,
680 4084 821 4147 totumque
847 4075 926 4133 ludas
948 4079 1095 4150 essequod
1148 4081 1218 4135 ritar
1231 4082 1366 4151 quomodo
1382 4080 1488 4135 dicatur
1505 4078 1589 4134 Filias
1614 4079 1732 4135 bominis
1758 4078 1802 4133 vel
1823 4079 1940 4135 descen·

303 4167 401 4234 agitur.
418 4164 494 4219 Unde
506 4165 534 4218 in
549 4166 603 4221 line
619 4166 741 4221 videntes
752 4167 866 4236 gloriam
882 4177 1037 4224 sanctorum
1053 4167 1097 4223 di·
1146 4174 1219 4229 disse
1246 4174 1280 4228 de
1294 4172 1373 4238 cado,
1396 4171 1438 4227 vel
1463 4186 1496 4227 eo
1523 4180 1643 4241 tempore
1665 4187 1719 4240 qao
1735 4172 1792 4226 brec
1821 4171 1849 4225 in
1866 4182 1939 4227 terra

303 4261 365 4307 cent
385 4261 522 4321 gementes
538 4253 564 4307 in
582 4255 743 4309 tormentis:
760 4255 796 4309 iit
807 4267 867 4312 sunt
877 4273 940 4329 qaas
952 4258 1096 4330 aliqnando
1147 4262 1469 4334 loquebatnrjamlaisse
1484 4262 1512 4317 in
1525 4263 1607 4318 eoelo.
1627 4262 1686 4317 Non
1700 4263 1773 4318 enim
1784 4278 1850 4318 cara
1862 4262 1939 4317 Clari·

302 4341 441 4395 babuimus
459 4342 486 4395 itt
503 4341 630 4407 derisum,
641 4351 664 4396 et
679 4344 705 4396 in
720 4345 918 4401 similitudinem
932 4349 1094 4419 improperii,
1147 4359 1182 4413 sti
1196 4355 1335 4412 deseendit
1347 4355 1381 4409 de
1394 4354 1474 4421 eoelo,
1500 4368 1587 4424 neque
1604 4361 1667 4408 ante
1682 4362 1788 4424 tempas
1802 4355 1940 4408 ascensia-

302 4431 431 4501 quomodo
442 4448 503 4502 erpo
516 4436 656 4504 computati
666 4443 726 4489 surrt
739 4436 884 4506 interfitios
896 4439 965 4493 bei?
977 4439 1023 4494 ait
1033 4455 1097 4510 ape
1146 4449 1189 4503 nis
1201 4455 1260 4502 erat
1283 4446 1310 4500 in
1335 4444 1414 4510 coela,
1430 4452 1458 4499 et
1477 4460 1530 4514 qua
1553 4444 1659 4499 ratione
1680 4443 1800 4509 dieitur,
1822 4445 1881 4498 nisi
1894 4443 1938 4513 qui

303 4524 389 4579 stolus
411 4523 551 4581 loannes:
567 4524 734 4594 Citarissimi,
755 4545 824 4583 nunc
848 4530 899 4599 filii
914 4531 963 4586 Dei
992 4549 1093 4600 sumas,
1146 4536 1278 4593 descendit
1300 4536 1332 4591 de
1345 4536 1408 4590 eoelo
1422 4535 1495 4605 pilius
1507 4536 1628 4590 -aominis
1641 4536 1686 4607 qai
1697 4544 1735 4590 est
1755 4536 1782 4589 ιιι
1797 4535 1871 4600 coele,
1887 4535 1938 4590 nisi

301 4626 325 4669 et
346 4616 460 4670 trondmn
476 4618 597 4689 apparuit
622 4619 686 4690 qrrid
707 4621 815 4675 erimus.
831 4622 908 4690 Quod
923 4638 987 4694 crgo
1001 4634 1094 4680 natum
1147 4630 1210 4700 qaia
1225 4643 1278 4683 ana
1295 4626 1396 4681 Cbristi
1410 4641 1524 4696 persona
1537 4628 1619 4681 estin
1633 4625 1737 4682 duabus
1752 4627 1873 4681 existens
1887 4641 1938 4680 ua·

301 4714 354 4771 est,
367 4722 400 4761 ιι
416 4706 517 4777 Spiritu
544 4716 639 4765 sancto
660 4718 713 4776 cst,
728 4712 790 4780 qnia
802 4713 848 4782 qai
865 4728 897 4767 er
910 4729 980 4784 aqua
992 4725 1020 4769 et
1035 4714 1095 4786 Spi-
1148 4721 1226 4776 turis.
1242 4719 1331 4787 Atque
1344 4718 1405 4772 ideo
1416 4717 1487 4772 itlius
1502 4717 1620 4772 bominis
1645 4725 1718 4773 recte
1740 4717 1842 4772 dicitnr
1853 4728 1881 4772 et
1893 4718 1940 4771 dc·

302 4797 354 4852 rita
374 4807 548 4868 regeneratur
560 4799 742 4868 invisibiliter,
757 4801 784 4856 in
797 4818 897 4857 novum
912 4813 1034 4858 mutatur
1046 4806 1094 4860 ba·
1147 4811 1285 4868 scendisse
1297 4808 1416 4873 decoeio,
1431 4817 1459 4863 et
1469 4817 1532 4862 atate
1543 4809 1695 4878 passionem
1709 4808 1793 4863 luisse
1806 4808 1836 4868 in
1848 4812 1937 4864 ento:

302 4886 401 4940 minem
415 4894 441 4942 et
453 4887 486 4942 de
499 4890 599 4943 carnali
612 4890 729 4946 ellicitar
755 4892 893 4962 spiritalis.
908 4893 959 4962 Qui
973 4895 1033 4950 idco
1048 4910 1093 4950 re·
1146 4902 1207 4972 quia
1223 4900 1295 4971 qaod
1315 4899 1343 4953 in
1368 4914 1416 4954 sua
1441 4907 1537 4954 natura
1560 4898 1660 4954 babere
1672 4914 1725 4954 non
1738 4900 1828 4969 potuit
1842 4901 1895 4956 boe
1912 4902 1938 4956 in

303 4985 345 5031 cte
358 4992 411 5031 non
425 4978 511 5033 solnm
522 4980 662 5049 spiritalis,
677 4983 725 5037 sed
743 4983 824 5040 etiam
838 4983 955 5054 Spiritus
969 4995 1093 5050 vocatur,
1145 4989 1202 5045 tilio
1230 4989 1278 5044 liet
1292 5004 1307 5043 a
1322 5004 1377 5059 quo
1395 4996 1551 5059 assumptus
1581 4998 1623 5044 est
1636 4990 1740 5044 habuit.
1765 4987 1820 5045 Sed
1845 5000 1872 5045 et
1888 4990 1939 5045 boe

302 5066 375 5134 qula,
391 5066 462 5121 slctll
477 5068 754 5140 substantiaspltlltts
778 5072 975 5129 lntilslblllsesl
991 5076 1093 5132 nostris
1145 5083 1319 5153 quaeoentltlm
1331 5083 1467 5153 quomodo
1479 5084 1582 5138 dietum
1595 5082 1640 5145 sit,
1655 5091 1678 5136 et
1692 5098 1767 5136 tremo
1777 5082 1937 5136 ascenditis

302 5159 469 5227 aspectibus,
485 5161 522 5214 ita
535 5160 615 5230 isqui
631 5165 804 5235 pergratiam
818 5164 866 5220 nei
880 5176 1037 5233 renovatur,
1053 5168 1093 5222 in·
1145 5176 1237 5231 catam
1251 5177 1301 5232 „tet
1314 5193 1359 5249 qm
1379 5178 1512 5232 aescendit
1536 5179 1568 5232 ae
1579 5178 1654 5242 cato,
1667 5193 1728 5233 cum
1742 5193 1840 5234 omnes
1858 5178 1937 5234 elaea

303 5248 447 5304 visibiliter
460 5250 490 5305 sil
513 5252 644 5321 spiritalis
655 5262 683 5307 dl
703 5254 847 5322 beililins,
874 5271 936 5311 clim
951 5257 1094 5314 visibiliter
1145 5268 1323 5322 severaciter
1333 5266 1473 5323 confidant
1486 5283 1648 5324 ascensuros
1661 5269 1687 5323 in
1702 5268 1811 5333 coelum,
1825 5270 1938 5339 promit.

302 5343 427 5397 annribas
438 5358 500 5398 caro
512 5352 540 5398 et
555 5343 639 5400 Filius
651 5345 769 5402 bortrinis
780 5356 918 5418 appareat.

340 5432 402 5487 Non
413 5435 515 5488 mireris
530 5434 592 5505 qaia
604 5436 660 5489 diei
679 5437 725 5490 tibi
739 5450 748 5488 :
767 5436 874 5508 Oportet
889 5456 934 5494 aas
956 5441 1029 5495 nasci
1048 5442 1094 5496 rte-

302 5543 364 5581 ntta.
381 5524 495 5597 Spiritus
505 5527 548 5580 nbi
563 5527 617 5582 oalt
628 5530 721 5600 spirat,
734 5542 757 5585 et
773 5548 862 5586 eorem
873 5534 931 5603 ejas
944 5535 1032 5601 audis,
1046 5537 1092 5591 sed

302 5632 356 5672 trun
368 5617 502 5672 scismate
515 5618 598 5672 veniat
613 5629 636 5673 ιι
646 5636 697 5689 qno
720 5621 809 5676 uetita.
823 5621 868 5678 St'e
890 5635 927 5679 est
950 5627 1033 5681 earnis
1045 5628 1093 5699 ιιι·

301 5716 380 5761 notus
405 5716 443 5761 ιιι
465 5708 615 5778 exspiritrt.
641 5706 754 5780 Spiritus
778 5711 823 5766 ιιι·
845 5714 901 5768 nult
919 5717 1014 5785 spirat,
1028 5718 1090 5788 qnia

301 5795 359 5864 ipse
372 5797 453 5852 babet
463 5796 491 5853 ia
508 5806 653 5869 potestate,
675 5792 752 5870 cajus
767 5818 815 5858 cor
827 5806 912 5875 gratia
927 5823 982 5862 sate
996 5810 1090 5864 risita-

302 5888 383 5945 tionis
395 5890 521 5957 illustret,
531 5900 555 5945 ιι
566 5908 651 5946 rocem
662 5894 719 5963 ejas
729 5896 816 5962 nadis,
827 5912 901 5963 cura,
913 5910 940 5954 te
948 5910 1090 5968 praesente,

302 5978 421 6049 loquitar
436 5982 460 6038 is
478 5983 524 6053 qni
552 5982 654 6053 Spiritu
681 5986 799 6056 repletas
821 5998 872 6042 est.
900 5989 953 6044 Sed
974 6008 1026 6046 rrae
1040 5995 1091 6048 sris

302 6068 372 6125 ιιιιιιι
383 6072 481 6141 testu,
492 6082 517 6130 ιι
530 6089 582 6143 quo
596 6074 673 6129 eadat
699 6076 744 6131 aui
759 6077 839 6133 etiarn
851 6079 883 6145 si,
902 6088 926 6133 tc
944 6092 1088 6150 prasente,

1146 5365 1220 5412 tcnte
1232 5357 1283 5412 sibi
1295 5358 1410 5413 Domino
1424 5377 1431 5411 z
1447 5360 1508 5429 qaia
1522 5359 1566 5412 ιιι·
1577 5376 1634 5413 ιιι
1646 5376 1693 5431 eqo
1710 5359 1802 5415 illicet
1819 5363 1934 5417 minister

1144 5463 1218 5501 meus
1236 5448 1297 5501 erit.
1310 5446 1394 5517 Cujus
1411 5456 1501 5503 tamen
1522 5449 1622 5504 nodam
1643 5450 1801 5520 quaestionis
1823 5453 1936 5522 apertis

1144 5539 1214 5595 sima
1229 5541 1299 5595 ratio
1309 5540 1400 5605 solvit,
1416 5540 1478 5611 quia
1492 5540 1618 5596 videlicet
1639 5542 1773 5596 mediator
1784 5541 1834 5597 Dei
1848 5544 1934 5599 etho

1145 5632 1258 5697 ruinam,
1275 5632 1355 5687 banio
1371 5632 1496 5686 Christus
1507 5629 1586 5687 iesus
1597 5631 1744 5687 electorum
1759 5634 1882 5689 emnium
1891 5650 1932 5690 ca·

1144 5734 1254 5795 patest,
1272 5726 1392 5794 itemque
1409 5723 1592 5780 emneselecti
1603 5724 1723 5795 ejusdem
1733 5726 1832 5794 eapitis
1851 5741 1934 5781 ruem·

1145 5814 1286 5877 brasard,
1309 5815 1416 5869 dicente
1428 5812 1578 5883 Apostala:
1595 5813 1630 5867 Et
1655 5816 1741 5884 ipsunt
1762 5814 1834 5869 dedit
1857 5827 1935 5886 rapat

1144 5921 1222 5975 saper
1236 5922 1337 5960 earnem
1358 5906 1514 5960 Ecclesiam.
1530 5905 1564 5961 ιιι
1576 5922 1684 5962 rursum
1699 5924 1706 5961 :
1727 5905 1779 5962 Vas
1793 5907 1863 5962 enirn
1873 5911 1935 5963 estis

1144 6012 1237 6065 corpas
1257 5994 1366 6061 Citristt',
1379 6006 1403 6049 ιι
1418 5997 1533 6059 membra
1548 5998 1580 6051 de-
1592 5997 1716 6052 stentare.
1737 5997 1825 6054 Neruo
1837 6014 1932 6055 asueti·

1144 6086 1183 6140 dit
1197 6087 1222 6140 in
1238 6086 1335 6142 ctrlnm
1349 6086 1400 6140 nisi
1420 6086 1544 6142 Cirristas
1560 6089 1585 6143 in
1600 6103 1713 6159 carpere
1728 6105 1787 6155 suo,
1807 6089 1881 6161 quod
1892 6102 1936 6149 ιιι
