4500 6842
333 653 380 716 ott

658 658 689 712 b.
708 656 833 711 urbam
853 652 959 708 illvm
980 651 1139 707 alacriter.
1162 651 1315 707 itoobar.
1335 648 1476 705 orbarat
1499 649 1587 704 PARS
1606 649 1636 704 ll.

1914 653 1972 710 5ιῖ

332 776 419 821 teram
431 773 589 839 suscipiunt,
600 768 744 835 ariprando
755 778 819 818 rcro
833 780 882 833 per
897 762 1120 834 significationem
1136 769 1161 827 ,t
1173 762 1231 831 ipsa
1248 777 1314 832 ergo
1320 760 1425 830 justitia
1441 777 1503 817 rere
1513 760 1618 829 institia
1629 771 1680 827 eat,
1693 777 1753 832 qua
1769 778 1797 818 se
1813 772 1969 833 ternpcran-

334 856 431 911 litterae
447 856 570 925 spiritum
589 855 745 923 requirant,
769 861 796 905 et
812 851 891 905 modo
902 850 970 904 boun
988 849 1057 904 facta
1073 867 1120 919 pa·

332 955 406 1001 trum
423 946 640 1016 praecedentium,
659 943 729 997 sicut
753 941 829 1012 juxta
844 940 961 994 litteram
972 939 1120 1005 ἱιιιειιίιιιιι,

333 1039 484 1102 imitantur,
500 1037 579 1092 modo
592 1037 713 1105 quarelam
735 1050 795 1103 trum
805 1031 882 1099 J'trxta
901 1032 1041 1086 historiam
1063 1031 1123 1084 irni-

333 1129 415 1183 tanda
431 1144 483 1182 non
507 1136 579 1190 sunt,
596 1126 753 1195 spiritaliter
768 1123 928 1191 intelligunt,
948 1133 975 1177 ct
988 1120 1021 1176 ad
1036 1121 1122 1190 profe-

332 1229 406 1277 ctum
424 1219 545 1273 tendunt.
557 1217 626 1284 Quid
642 1217 713 1270 aliud
728 1214 919 1285 predicatores
933 1213 1018 1267 sancti
1033 1213 1059 1265 in
1074 1226 1123 1266 ειιο

332 1323 424 1380 opere,
438 1308 487 1362 nisi
504 1309 529 1361 in
544 1308 609 1377 pede
628 1305 754 1377 turgulant
782 1304 897 1367 findunt,
912 1303 944 1356 dc
959 1301 1055 1370 quibus
1078 1300 1124 1354 ad-

332 1401 385 1455 buc
406 1406 498 1468 aperte
525 1397 694 1451 subditura«
716 1395 748 1448 br
771 1391 893 1447 scintille
906 1392 982 1461 cpuasi
998 1401 1124 1459 aspectus

331 1490 394 1545 aris
408 1488 556 1544 earnlentis.
573 1508 581 1538 ι
598 1486 672 1541 AEris
692 1484 829 1539 nrctallnnr
842 1482 918 1537 rabie
932 1497 1058 1536 sonorum
1071 1489 1123 1534 est.

331 1582 365 1637 Et
376 1589 448 1636 recte
460 1595 539 1636 rores
554 1578 757 1649 pacificantium
777 1575 823 1629 aeri
844 1581 1044 1642 comparantur,
1061 1571 1125 1641 quia

335 1692 344 1726 ι
359 1674 386 1728 in
402 1687 508 1726 omnem
526 1679 624 1725 terram
644 1669 728 1723 exirit
740 1682 822 1722 sunus
844 1681 937 1721 eorum
949 1705 956 1728 ,
970 1675 997 1719 et
1012 1664 1039 1717 in
1058 1661 1125 1719 fines

332 1765 406 1818 orbis
418 1772 497 1817 terre
511 1762 593 1816 rerba
604 1774 697 1814 corum
712 1756 798 1829 (Pani.
815 1755 903 1828 ιιιιι).
916 1774 925 1806 ι
941 1754 1014 1809 Bene
1034 1764 1124 1808 antem

330 1867 369 1909 as
382 1853 501 1909 candens
513 1851 619 1915 dicitur,
635 1849 697 1918 quia
717 1848 772 1901 rita
791 1845 994 1917 praedicantium
1010 1853 1127 1899 sonaret

331 1945 417 2000 ardet.
431 1944 515 1999 Ardet
538 1943 611 1997 enirn
628 1940 777 2004 desiderio,
798 1946 877 1994 sonat
890 1938 984 1991 verbo.
1000 1934 1050 1990 AEs
1061 1950 1127 2006 ergo

331 2034 451 2088 candens
463 2040 504 2088 εει
514 2030 670 2101 praedicatio
684 2044 808 2083 accensa.
819 2028 872 2082 Sed
882 2026 915 2082 dc
929 2027 1061 2082 candente
1073 2041 1127 2080 aere

1175 854 1218 907 tte
1232 852 1308 908 lrcno
1323 854 1489 916 moderatur,
1505 863 1533 907 ut
1560 853 1586 906 in
1606 852 1664 908 zelo
1680 868 1733 921 quo
1748 854 1864 923 quisque
1881 853 1971 911 ferret

1173 943 1209 997 sit
1222 943 1305 997 etiam
1318 953 1480 1013 temperans,
1498 959 1531 997 ne
1545 943 1568 997 si
1586 942 1646 1012 plns
1666 941 1769 997 ferveat
1782 945 1971 1016 perdatjusti-

1173 1037 1249 1102 tiam,
1264 1053 1324 1092 curn
1341 1053 1449 1091 serrare
1465 1037 1645 1091 moderamina
1657 1038 1772 1108 ignorat.
1800 1038 1862 1092 buae
1875 1048 1969 1094 autem

1173 1138 1236 1182 sunt
1250 1137 1404 1182 sanctorum
1427 1128 1634 1196 praedicatorum
1651 1127 1723 1194 rite,
1748 1128 1836 1183 actira
1864 1130 1971 1185 scilicet

1178 1226 1201 1273 et
1217 1218 1433 1287 conternplatira.
1444 1217 1496 1272 Sed
1510 1218 1599 1272 actira
1611 1218 1687 1288 prior
1698 1226 1740 1273 εει
1753 1227 1874 1288 ternpore
1885 1234 1970 1289 qnam

1174 1312 1398 1381 eonbrmplatira,
1427 1312 1491 1380 qnia
1518 1325 1550 1365 cr
1581 1310 1652 1366 beno
1684 1326 1766 1380 opere
1791 1312 1909 1367 tenditur
1936 1313 1970 1368 ad

1174 1403 1447 1472 contemplationcnr;
1471 1403 1680 1472 contemplativa
1705 1412 1794 1459 arrtcm
1819 1403 1907 1472 nrajor
1929 1413 1975 1459 est

1174 1492 1271 1545 merito
1294 1507 1375 1561 ortam
1401 1494 1507 1557 activa,
1528 1494 1592 1563 quia
1617 1494 1675 1547 bec
1699 1494 1726 1548 ln
1752 1509 1801 1549 usn
1828 1496 1973 1564 presentis

1174 1581 1265 1650 operis
1276 1580 1392 1647 laborat,
1408 1581 1451 1636 illa
1466 1598 1532 1637 vcro
1543 1596 1639 1652 sapore
1651 1582 1748 1638 intimo
1762 1592 1904 1639 venturam
1913 1584 1972 1653 jam

1175 1673 1296 1742 requiem
1308 1672 1441 1742 degustat.
1450 1672 1518 1739 Quid
1530 1673 1620 1742 itaque
1630 1688 1679 1743 per
1690 1674 1856 1739 manus,nisi
1868 1676 1971 1740 activa,

1175 1768 1203 1814 et
1216 1761 1279 1831 qrrid
1290 1776 1338 1830 per
1347 1777 1450 1830 pennas
1464 1763 1517 1817 nisi
1534 1763 1743 1834 contemplativa
1758 1766 1812 1819 rita
1825 1766 1974 1836 signatur?

1177 1849 1271 1905 llanus
1288 1867 1351 1920 ergo
1371 1853 1488 1907 bominis
1502 1855 1551 1908 sub
1577 1855 1672 1923 pennis
1684 1869 1782 1912 coron
1802 1866 1853 1922 est,
1869 1857 1898 1912 id
1919 1868 1974 1922 εει,

1177 1940 1263 1995 virtus
1274 1943 1364 2012 operis
1379 1944 1429 1998 snb
1447 1942 1536 1998 volatu
1552 1943 1795 2016 contemplationis.
1811 1946 1889 2015 Quod
1904 1949 1974 2004 bene

1178 2032 1362 2104 inbrangelio
1384 2033 1443 2088 duae
1465 2034 1517 2088 itte
1536 2036 1662 2091 mulieres
1681 2037 1839 2107 designant,
1865 2038 1973 2094 blnrtba

331 2124 453 2179 scintille
477 2122 696 2195 prodeunt‚quia
714 2122 746 2175 de
773 2136 866 2175 eornm
892 2117 1281 2175 exhortationibusBseilicct
1300 2129 1329 2175 ct
1352 2119 1445 2176 llaria.
1472 2139 1481 2172 ι
1510 2121 1614 2177 Martha
1639 2124 1711 2178 enim
1735 2126 1875 2197 sarrgebat
1900 2127 1975 2182 eirca

331 2216 412 2271 rerba
427 2214 592 2270 flammantia
606 2214 641 2268 ad
664 2228 743 2268 aures
770 2212 937 2267 audientium
963 2210 1123 2281 procudunt.
1177 2211 1302 2281 frequens
1318 2212 1506 2278 ministerium,
1519 2212 1601 2267 baria
1615 2223 1705 2268 ιιιιιειιι
1718 2215 1828 2270 sedebat
1839 2216 1874 2269 ad
1888 2217 1973 2285 pedes

333 2305 417 2361 Recte
434 2313 524 2359 autern
540 2302 746 2374 praedicatorum
758 2304 840 2357 rerba
851 2301 974 2356 scintiliae
987 2300 1128 2372 appellatae
1177 2300 1294 2367 Domini,
1312 2312 1340 2356 et
1352 2302 1435 2357 rerba
1452 2300 1510 2371 ejus
1520 2303 1648 2359 audiebat
1658 2302 1733 2375 (latre.
1745 2304 1784 2378 x).
1802 2306 1893 2362 »Erat
1903 2323 1974 2379 ergo

332 2406 405 2462 ειιιιι,
420 2399 482 2467 quia
499 2411 628 2466 eosquos
651 2396 679 2449 in
694 2396 776 2450 corde
791 2395 944 2465 tetigerint,
969 2394 1125 2449 incendunt.
1177 2406 1231 2446 una
1241 2390 1344 2446 intenta
1356 2392 1441 2460 operi,
1457 2392 1543 2448 altera
1557 2396 1788 2466 contemplationi.
1804 2397 1863 2454 Una
1878 2399 1976 2455 actirae

332 2487 562 2544 Considerandum
585 2500 692 2556 quoque
715 2486 845 2554 estquod
867 2483 990 2539 scintillae
1014 2483 1128 2539 subtiles
1177 2481 1323 2548 serriebat,
1340 2498 1389 2552 per
1403 2484 1568 2538 exteriorum
1591 2485 1787 2551 ministerium,
1810 2486 1894 2542 altera
1907 2503 1977 2545 con·

333 2579 411 2634 raldo
430 2588 458 2633 et
472 2587 567 2633 tenues
581 2586 655 2632 sunt.
672 2577 740 2644 Quia
754 2593 816 2632 cum
830 2577 1020 2648 praedicatores
1039 2574 1127 2631 sancti
1177 2572 1349 2643 templatim,
1365 2589 1413 2642 per
1425 2576 1629 2645 suspensionem
1649 2578 1739 2634 cordis
1752 2579 1779 2632 in
1792 2579 1915 2634 rerbum.
1942 2580 1979 2636 Et

333 2671 366 2727 de
380 2670 485 2727 coelesti
500 2670 588 2740 patria
600 2670 756 2739 loqumrtnr,
773 2683 826 2723 non
842 2677 947 2723 tantum
963 2668 1054 2722 valent
1064 2682 1129 2737 apc·
1178 2663 1302 2734 quamvis
1312 2664 1399 2719 activa
1410 2663 1481 2719 bona
1489 2668 1534 2731 sit,
1546 2667 1643 2722 melior
1653 2677 1743 2722 tamen
1755 2678 1797 2724 est
1807 2670 1977 2741 contempla·

334 2766 390 2820 rire
403 2764 503 2828 rerbo,
526 2770 656 2832 quantum
680 2770 792 2831 possunt
817 2760 913 2815 ardere
926 2758 1069 2814 desiderio.
1090 2757 1128 2811 Er
1178 2760 1243 2812 tira.
1260 2757 1328 2825 Quia
1339 2759 1390 2813 ista
1403 2775 1464 2813 cnm
1480 2761 1586 2817 mortali
1600 2762 1655 2816 rita
1667 2762 1777 2828 deficit,
1800 2762 1844 2819 illa
1866 2780 1933 2820 reru
1949 2766 1977 2820 in

333 2871 428 2912 eorrrnr
446 2870 510 2925 ergo
528 2855 630 2925 lingna,
648 2854 725 2925 guasi
740 2852 863 2923 quedam
884 2852 917 2906 ad
943 2866 992 2906 nos
1005 2850 1129 2906 scintillae
1179 2847 1390 2903 immortabrita
1401 2848 1857 2921 pleniusexcrescit.Undedicitur,
1869 2875 1877 2907 r
1890 2857 1978 2912 llario

332 2947 456 3011 renium,
474 2946 537 3015 qnia
549 2946 582 3001 de
592 2945 695 3000 calesti
707 2945 792 3014 patria
804 2944 830 2998 in
843 2959 937 2998 eorum
953 2957 1018 2998 rocc
1029 2942 1072 2995 rbr
1093 2949 1131 2995 te-
1178 2940 1308 3008 optimam
1321 2950 1425 3011 partem
1439 2943 1531 3014 elegit,
1546 2960 1605 3014 quae
1622 2961 1677 3000 non
1691 2945 1831 3002 auferetur
1847 2949 1882 3002 ab
1899 2965 1944 3003 ea.
1965 2971 1977 3002 s

333 3053 388 3093 ιιιιε
403 3037 504 3108 aliquid
521 3037 705 3108 cognoscitur,
720 3036 792 3107 qrrod
805 3044 895 3092 tamen
918 3035 1005 3090 abeis
1021 3051 1074 3090 non
1091 3044 1130 3090 te·
1179 3032 1247 3099 orris
1262 3032 1344 3103 igitur
1357 3034 1445 3088 actim
1459 3035 1548 3090 nrinor
1569 3044 1612 3091 est
1625 3037 1732 3103 merito,
1749 3054 1830 3108 quam
1851 3050 1977 3095 contem

280 3127 302 3146 ‘
334 3131 426 3189 nuiter
445 3139 561 3184 amatur.
583 3129 675 3200 Neque
701 3130 772 3184 enirn
792 3127 931 3183 coelestem
946 3125 1059 3197 gloriam
1083 3132 1130 3180 aut
1180 3123 1289 3194 platira,
1297 3133 1371 3179 recte
1385 3140 1456 3181 nuuc
1466 3124 1707 3182 dicitnrsrllaaus
1719 3128 1837 3185 bominis
1848 3131 1899 3184 sub
1911 3147 1979 3200 pen-

335 3229 441 3277 tantum
456 3220 548 3274 ridere
572 3219 708 3274 sufiiciunt
732 3225 865 3289 quantum
886 3224 946 3281 cst,
968 3223 1015 3270 aut
1027 3225 1130 3269 rmmm
1180 3215 1222 3271 nis
1237 3231 1342 3271 eorum.
1357 3234 1366 3268 ι
1382 3215 1451 3270 Nam
1465 3217 1517 3272 etsi
1528 3232 1577 3286 per
1590 3218 1705 3273 activam
1721 3219 1784 3274 boni
1805 3219 1907 3289 aliquid
1921 3222 1980 3291 agi-

333 3313 408 3383 loqui
428 3311 575 3383 prevalent
594 3320 725 3383 qrrantum
740 3310 844 3365 rident.
867 3307 991 3364 Candcns
1010 3324 1075 3379 crgo
1093 3322 1131 3362 aes
1181 3322 1252 3372 mus,
1268 3308 1303 3361 ad
1328 3305 1440 3362 coelcste
1463 3315 1554 3362 tamen
1567 3308 1729 3363 desiderium
1747 3324 1796 3380 per
1809 3311 1978 3380 contempla-

334 3407 465 3464 seiutiilas
487 3406 605 3477 projicit,
619 3403 726 3475 quando
753 3403 796 3458 rix
829 3402 944 3457 tenuiter
969 3401 1132 3472 praedicator
1182 3397 1263 3451 tirum
1275 3396 1406 3453 rolamus.
1419 3396 1495 3454 Unde
1508 3406 1537 3453 et
1549 3399 1620 3468 apud
1631 3395 1738 3470 lfoysen
1750 3400 1837 3455 activa
1848 3402 1980 3462 servitus,

334 3497 408 3569 loqui
423 3495 520 3551 sufficit
535 3497 587 3551 boc
604 3495 675 3550 unde
690 3495 746 3565 ipsc
763 3493 870 3550 fortiter
885 3492 1009 3565 ignescit.
1035 3492 1130 3547 bii-ina
1144 3471 1168 3533 (ἶ
1182 3488 1389 3558 contemplativa
1397 3496 1487 3543 autem
1499 3488 1737 3544 libertasrocatur.
1746 3490 1778 3545 Et
1786 3499 1982 3562 cunctaeque

334 3595 424 3643 ιιιιειιι
446 3587 547 3657 pietate
574 3586 673 3657 agitur,
687 3592 718 3640 ιιι
736 3601 769 3640 ex
784 3584 851 3655 ipsis
866 3583 991 3639 scintillis
1004 3582 1132 3639 tenuissi·
1181 3581 1244 3637 rite
1255 3597 1287 3637 ει
1303 3581 1374 3636 duno
1389 3579 1443 3636 sint
1458 3582 1562 3652 gratie,
1576 3582 1704 3652 quamdiu
1720 3590 1810 3637 tamen
1829 3583 1903 3639 inter
1917 3600 1982 3653 pru·

334 3678 387 3733 mis
405 3677 540 3733 audientis
554 3676 662 3733 animus
680 3674 870 3731 inflammetur.
884 3674 952 3743 Quia
979 3682 1042 3730 ειιιιι
1068 3674 1130 3744 qui·
1181 3673 1270 3728 xiuros
1284 3672 1410 3738 ririmns,
1429 3688 1480 3727 una
1496 3673 1574 3729 nobis
1583 3673 1610 3728 in
1623 3674 1786 3729 necessitate
1803 3682 1861 3738 est,
1889 3675 1980 3729 altera

335 3769 408 3837 dam,
425 3770 470 3840 qui
485 3770 548 3826 dnm
564 3786 648 3842 parra
674 3771 788 3825 audiunt
812 3768 914 3839 majore
931 3769 1064 3825 desiderio
1088 3784 1132 3825 re·
1182 3763 1209 3818 in
1223 3762 1371 3818 voluntate.
1386 3762 1452 3829 eris
1475 3764 1547 3818 enim
1571 3778 1737 3835 cognoscens
1753 3763 1848 3828 Deum,
1862 3763 1898 3818 ad
1922 3763 1985 3832 ejus

335 3864 452 3935 plentur,
466 3872 493 3919 ει
507 3864 570 3919 inde
590 3863 708 3935 perfecte
724 3864 750 3917 in
767 3863 813 3918 bei
830 3877 923 3917 amore
941 3862 1046 3927 ardent,
1061 3860 1132 3916 unde
1181 3868 1294 3926 regnum
1310 3853 1469 3925 ingreditur,
1482 3854 1533 3909 bisi
1558 3853 1627 3910 bone
1653 3854 1729 3924 prius
1746 3855 1898 3925 operetur?
1913 3854 1982 3911 Sine

333 3954 380 4009 rix
415 3955 586 4010 tenuissimas
619 3956 764 4010 rerborum
797 3953 929 4009 scintillas
966 3952 1130 4023 acceperint.
1181 3945 1390 4015 contemplatira
1404 3961 1468 4016 ergo
1482 3945 1536 4000 rita
1551 3946 1653 4001 intrare
1667 3955 1780 4017 possunt
1792 3946 1826 4001 ad
1838 3945 1982 4002 coelestem

335 4043 453 4101 Verbum
468 4046 567 4116 quippe
591 4046 802 4118 praedicatione,
821 4059 915 4120 semen
941 4046 968 4100 in
986 4046 1068 4101 eorde
1082 4060 1133 4098 an-
1182 4036 1309 4107 patriaru,
1326 4036 1372 4105 qui
1399 4038 1470 4091 bona
1485 4052 1545 4106 qnae
1559 4046 1673 4107 possunt
1688 4037 1796 4106 operari
1815 4052 1869 4092 non
1897 4037 1983 4108 negli-

336 4137 495 4192 dicntiscst.
511 4136 544 4191 Et
554 4138 662 4192 auditor
675 4137 762 4191 lamus
775 4135 835 4191 inde
847 4133 949 4206 profert
961 4135 1133 4206 postmodum
1183 4137 1258 4201 gunt.
1275 4128 1340 4184 Sine
1361 4130 1448 4184 activa
1464 4139 1556 4185 autem
1570 4129 1674 4185 intrare
1689 4145 1741 4184 non
1755 4138 1880 4199 possunt,
1892 4132 1915 4186 si
1932 4147 1983 4187 uc-

338 4242 464 4298 magnam
479 4242 595 4281 messem
609 4227 746 4291 scientiae,
775 4227 973 4296 undeparrum
996 4225 1072 4295 prius
1090 4240 1135 4281 ac·
1182 4220 1286 4292 eligunt
1299 4222 1370 4276 bona
1382 4220 1488 4291 operari
1502 4237 1562 4292 quae
1576 4231 1699 4291 possunt.
1726 4220 1773 4276 llla
1795 4238 1862 4294 crgo
1884 4223 1912 4278 in
1935 4239 1982 4279 nc-

337 4325 449 4388 ceperat
462 4330 554 4371 semen
569 4315 677 4385 lingue.
1184 4313 1319 4378 cessitate,
1334 4315 1392 4369 baec
1403 4314 1430 4368 iu
1441 4314 1579 4369 voluntate
1592 4324 1646 4369 εει.
1661 4314 1707 4370 llla
1721 4315 1748 4369 in
1771 4315 1916 4382 servitute,
1928 4317 1981 4373 ista

378 4426 387 4459 ι
407 4407 441 4460 Ει
454 4422 560 4471 manus,
577 4406 676 4476 inquit,
692 4407 810 4462 bouriuis
824 4407 874 4462 sub
888 4406 985 4476 pennis
998 4422 1091 4462 corum
1104 4407 1132 4461 in
1184 4406 1211 4460 in
1223 4405 1359 4462 libertate.
1372 4406 1440 4462 ilinc
1456 4418 1498 4462 est
1514 4406 1586 4462 enirn
1602 4407 1674 4477 quod
1689 4408 1723 4462 ad
1739 4407 1849 4480 lloysen
1864 4408 1980 4464 dicitur:
2008 4482 2013 4490 ι

273 4493 276 4498 ’
340 4516 349 4550 ι
365 4506 484 4569 quatuor
500 4504 601 4568 partes.
616 4517 626 4548 ι
640 4496 757 4552 Ροεειιιιι
770 4498 823 4552 boe
835 4498 862 4553 in
874 4498 933 4554 ioco
944 4508 1063 4569 quatuor
1073 4514 1135 4568 par·
1187 4497 1230 4555 «Si
1242 4500 1341 4554 emeris
1353 4515 1461 4554 serrum
1470 4498 1624 4564 llebraeum,
1633 4514 1679 4554 εει
1688 4500 1876 4555 arruisserriet
1888 4500 1946 4565 tibi,
1955 4503 1980 4557 iu

337 4595 380 4644 tes
402 4588 525 4659 regiones
538 4595 654 4657 quatuor
668 4587 761 4641 mundi
778 4587 874 4658 accipi.
890 4586 1012 4654 Scilicet,
1030 4587 1133 4653 oriens,
1184 4589 1299 4659 septimo
1310 4589 1466 4658 egredictur
1479 4587 1548 4644 iiber
1567 4590 1663 4659 gratis,
1675 4603 1738 4644 cum
1759 4589 1833 4658 quali
1847 4600 1923 4646 ιιεειε
1943 4592 1983 4646 in·

336 4678 643 4746 oocirlens,meridieset
654 4680 885 4751 septentrionalis.
895 4679 963 4747 Quia
978 4688 1134 4736 sanctorum
1185 4678 1304 4742 traverit,
1320 4694 1381 4733 cum
1395 4678 1441 4732 tali
1466 4688 1545 4733 creat
1564 4678 1661 4750 (deod.
1686 4679 1754 4751 ιιι).
1775 4698 1785 4731 ι
1803 4680 1907 4737 Serrus
1919 4697 1981 4737 rero

338 4773 505 4843 praedicatio,
520 4781 632 4828 anctore
648 4773 713 4838 Deo,
729 4772 756 4825 in
778 4773 883 4828 cunctis
906 4772 998 4826 mundi
1013 4771 1135 4841 partibus
1188 4768 1316 4824 llebraeus
1327 4777 1433 4840 emptus
1455 4786 1502 4825 sex
1517 4770 1595 4824 amris
1607 4771 1711 4826 serrire
1723 4771 1893 4840 precipitur,
1904 4774 1940 4829 ira
1954 4784 1982 4827 ιιι

337 4870 381 4918 εει
397 4878 516 4934 egressa.
539 4863 685 4919 Possumus
711 4863 793 4918 etiarn
818 4878 867 4932 per
889 4871 1007 4933 quatuor
1027 4870 1134 4933 partes,
1149 4828 1173 4888 D
1186 4861 1341 4931 inseptirno
1353 4862 1421 4916 liber
1441 4872 1521 4916 exeat
1541 4862 1637 4932 gratis.
1652 4862 1721 4929 Quid
1735 4864 1807 4918 enim
1828 4879 1880 4934 per
1906 4881 1981 4921 sena·

339 4952 503 5024 principales
513 4962 629 5023 quatuor
639 4953 753 5009 virtutes
768 4954 908 5024 accipere,
930 4970 963 5009 ex
982 4954 1081 5024 quibus
1093 4968 1136 5008 ro-
1186 4955 1255 5007 rimn
1270 4969 1428 5018 numerum,
1454 4954 1505 5008 nisi
1519 4954 1614 5009 actirae
1628 4955 1689 5009 rit-e
1712 4953 1845 5024 perfectio
1860 4956 1982 5028 designa·

339 5042 419 5113 liquae
431 5043 546 5098 virtutes
560 5043 696 5109 oriuntur,
710 5044 845 5109 videlicet,
860 5045 1042 5114 prudentiam,
1059 5043 1136 5100 forti·
1187 5044 1329 5112 tueruid
1345 5060 1394 5115 per
1410 5045 1592 5114 septenariam
1620 5045 1670 5098 nisi
1700 5046 1912 5116 contemplativa
1937 5063 1981 5102 er·

339 5135 471 5199 tudinem,
481 5134 615 5204 justitiam
633 5144 715 5206 atque
727 5136 945 5205 temperantiam.
966 5135 1039 5202 Quas
1056 5135 1138 5190 ulmi·
1186 5136 1327 5207 primitur?
1345 5135 1399 5191 Ser
1410 5151 1475 5191 uero
1488 5139 1567 5190 armis
1580 5136 1702 5201 serririt,
1726 5144 1753 5190 ει
1774 5136 1894 5205 septimo
1908 5152 1981 5208 egro-

338 5240 399 5281 ram
417 5226 532 5281 rirtutes
547 5233 612 5280 tune
629 5226 764 5281 veraciter
788 5225 949 5295 accipimus,
965 5240 1027 5279 cum
1041 5239 1135 5279 earum
1187 5228 1260 5283 ditur
1275 5227 1353 5293 liber,
1369 5228 1415 5297 qni
1431 5243 1478 5297 per
1488 5227 1604 5282 activam
1619 5241 1701 5297 quam
1715 5225 1837 5296 perfecte
1851 5228 1981 5283 exbibue-

337 5318 461 5375 ordiucm
479 5318 657 5374 custodimus.
690 5318 781 5373 Prima
801 5318 901 5388 quippe
926 5316 1079 5386 prudentia,
1094 5330 1138 5370 se·
1188 5320 1267 5375 ritad
1278 5318 1491 5390 contemplative
1506 5319 1568 5373 ritae
1582 5317 1736 5372 libertatem
1751 5318 1861 5372 transit.
1878 5318 1981 5373 Etenim

338 5410 427 5466 cunda
448 5409 589 5475 fortitudo,
606 5410 685 5465 tertia
707 5410 823 5481 justitia,
839 5418 936 5480 quarta
959 5406 1137 5478 temperantia
1185 5426 1280 5466 seruus
1291 5420 1334 5466 εει
1350 5411 1395 5480 qni
1409 5426 1458 5481 per
1471 5411 1588 5465 activam
1601 5410 1684 5464 vitam
1699 5409 1857 5465 bominibus
1878 5410 1981 5466 servire

337 5511 389 5560 est.
401 5502 470 5572 Quid
480 5503 557 5574 enimv
569 5503 698 5574 prodesse
719 5512 809 5574 potest
824 5502 987 5573 prudentia,
1018 5501 1039 5556 si
1060 5499 1137 5555 lorti·
1186 5505 1327 5576 disposuit,
1343 5513 1450 5574 etpost
1471 5518 1591 5573 praesens
1616 5503 1746 5557 saeculum
1768 5501 1802 5556 ad
1828 5501 1982 5557 libertatern

339 5597 405 5653 tudo
420 5596 509 5652 desit?
523 5593 600 5651 Scire
615 5596 714 5651 etenim
738 5596 862 5664 cuiqnam
887 5594 959 5664 qutrd
975 5608 1028 5647 non
1048 5599 1138 5662 potest
1187 5610 1280 5650 reram
1293 5594 1381 5649 ralcat
1394 5594 1556 5663 peruenire:
1571 5592 1605 5647 de
1614 5606 1666 5661 qua
1682 5606 1730 5663 per
1741 5589 1858 5646 Paulum
1868 5591 1980 5648 dicitur:

2062 5439 2071 5469 t

2040 5522 2071 5560 Ι

339 5689 429 5746 faeere
443 5704 523 5759 prena
543 5689 629 5760 magis
642 5704 723 5758 quiam
745 5687 831 5743 uirtus
854 5695 905 5742 est.
930 5685 984 5741 Sed
1002 5684 1046 5753 qrri
1070 5697 1135 5752 pru·
1189 5706 1199 5740 ι
1218 5686 1285 5756 Quia
1299 5696 1327 5743 et
1341 5687 1398 5757 ipsa
1409 5695 1533 5742 creatura
1559 5683 1746 5738 liberabitura
1763 5683 1899 5737 servitute
1920 5697 1978 5738 cor·
2024 5713 2071 5725 -

338 5779 656 5849 denterinrebrgitquod
670 5787 788 5851 agatur,
816 5787 844 5834 ct
864 5776 974 5832 fortiter
989 5775 1045 5846 agit
1062 5774 1136 5844 quod
1186 5779 1331 5851 supponis,
1345 5778 1372 5833 ιιι
1395 5778 1548 5833 libertatem
1570 5776 1662 5847 gloriae
1686 5774 1802 5830 filiorum
1825 5775 1874 5831 bei
1888 5774 1979 5846 (fiam.
2000 5801 2071 5827 ...1

340 5870 512 5934 intellexerit,
522 5867 580 5938 5²¹¹ss
595 5869 689 5942 procul
709 5870 789 5926 dubio
803 5869 894 5938 justus
918 5874 979 5958 εειζ
996 5864 1050 5921 Sed
1076 5864 1136 5933 ejus
1186 5869 1258 5943 rur).
1278 5891 1287 5923 ι
1301 5869 1378 5925 Tunc
1392 5869 1493 5925 etenim
1507 5882 1572 5923 rera
1583 5867 1610 5921 in
1623 5865 1702 5921 nobis
1719 5864 1831 5920 libertas
1845 5865 1910 5928 erit,
1921 5878 2071 5919 cunr-

338 5959 467 6031 justitram
484 5962 661 6032 temperantia
676 5962 752 6032 sequi
767 5963 871 6027 debet,
898 5960 960 6029 quia
976 5958 1137 6029 pierumque
1188 5961 1221 6015 ad
1232 5959 1345 6030 gloriam
1361 5958 1476 6012 filiorum
1497 5956 1545 6011 bei
1566 5955 1675 6024 adoptio
1702 5963 1795 6010 nostra
1818 5954 2071 6025 perverterit-.-

269 6105 282 6128 ,
339 6053 443 6124 iuram
461 6054 484 6111 si
501 6058 609 6112 trandum
626 6073 678 6113 nen
699 6058 780 6112 lrabet
802 6058 830 6111 in
841 6054 1028 6111 crudelitatem
1046 6053 1134 6118 radet,
1190 6051 1266 6107 Nunc
1279 6066 1344 6122 crgo
1358 6066 1410 6105 non
1423 6047 1508 6105 solum
1519 6048 1608 6102 actira
1623 6047 1678 6102 rita
1694 6046 1720 6101 in
1733 6047 1866 6103 servitute
1876 6042 2062 6112 estse-f
