4500 6842
310 615 365 673 ιιι
773 617 949 676 cunae-au.
970 620 1003 674 ιι
1022 619 1250 682 ezecrueterr.
1272 656 1306 665 -
1327 624 1389 680 tiu.
1411 626 1480 682 ιιιι.
1896 635 1949 694 933

310 738 413 785 etcum
429 726 485 795 jam
500 729 757 799 emperintpeeeata
781 731 950 800 relinquere,
971 741 1053 800 atque
1069 733 1103 786 ad
1116 738 1141 795 Α
1155 738 1189 793 de
1213 739 1304 794 verbis
1329 740 1425 795 litterae
1446 743 1496 796 sub
1515 743 1646 799 luerirate
1667 747 1898 815 transcurrirrrus,
1920 751 1948 807 iu

313 823 494 878 innocentiam
511 823 652 888 st‘Slinsslb',
663 839 774 879 necesse
787 834 830 879 est
843 834 949 895 uterga
962 840 1008 880 eos
1019 827 1045 878 iu
1056 840 1104 879 ore
1155 832 1195 885 eia
1217 846 1312 886 sensus
1329 834 1460 902 mysticus
1481 850 1553 889 nuuc
1579 836 1698 890 breuiter
1722 838 1890 906 exquiratur.
1917 840 1947 896 br

311 918 432 973 doctoris
457 917 626 972 incrementa
651 919 852 988 predicationis
874 928 1051 983 excrescant,
1077 927 1106 974 et
1156 929 1232 989 parte
1258 930 1349 975 autern
1373 924 1506 993 superiori
1530 932 1586 979 tres
1607 934 1691 992 portae
1712 926 1854 994 ‹descriptae
1868 941 1948 993 serrat,

310 1009 474 1080 quibusdam
502 1001 631 1064 doetrinae
653 1025 708 1064 sue
727 1011 807 1064 verbo
830 1018 904 1065 tauto
919 1011 1106 1065 uehementius
1157 1009 1182 1064 id
1203 1018 1259 1071 est,
1282 1012 1415 1076 orientis,
1432 1013 1565 1082 aquilonis
1582 1024 1609 1069 et
1622 1015 1706 1068 :ruistri
1727 1031 1866 1085 :moxque
1880 1016 1945 1071 inte

308 1102 430 1167 insistat,
448 1110 549 1171 quanto
575 1117 623 1156 eos
645 1102 754 1172 grauius
778 1103 910 1156 cecidisse
932 1103 1103 1156 considerat:
1156 1100 1237 1153 rioris
1252 1101 1314 1154 atrii
1335 1110 1391 1156 trcs
1405 1102 1465 1157 aliae
1483 1113 1610 1168 namara,
1629 1105 1655 1159 id
1676 1116 1729 1171 est,
1743 1109 1840 1172 austri,
1858 1109 1949 1163 orien-

312 1191 439 1249 ridelieet
453 1192 541 1246 sciens
558 1192 630 1261 quod
647 1193 674 1245 iu
695 1207 724 1246 se
740 1198 815 1245 tantu
830 1193 980 1246 mercedem
1001 1205 1107 1260 nruqme
1157 1189 1191 1242 tis
1208 1198 1236 1243 et
1251 1190 1401 1258 nomionis,
1418 1207 1450 1246 ac
1463 1193 1559 1247 deimle
1574 1204 1649 1263 porta
1669 1197 1732 1250 atrii
1748 1197 1884 1254 interioris
1907 1200 1949 1254 di-

312 1282 541 1337 renumerationis
553 1282 679 1351 accipiat,
696 1291 799 1352 quanto
814 1282 904 1336 verbis
919 1283 976 1336 suis
989 1282 1058 1336 alios
1072 1282 1106 1336 de
1155 1288 1198 1334 cta
1217 1290 1258 1334 cst
1275 1281 1301 1334 iu
1321 1296 1373 1349 qua
1393 1284 1543 1338 derisorie
1565 1286 1676 1353 quadris
1699 1285 1832 1355 lapidibus
1852 1300 1948 1344 extru-

311 1370 536 1443 profundioribus
547 1372 665 1441 peceatis
681 1372 761 1426 ierat.
773 1373 849 1426 Sacri
863 1372 963 1442 eloquii
975 1372 1105 1442 mysticus
1156 1380 1207 1424 cue
1219 1382 1413 1435 memor-autur,
1426 1383 1453 1428 et
1467 1387 1555 1444 porta,
1569 1394 1629 1446 quae
1645 1381 1808 1449 respiciebat
1826 1382 1859 1436 ad
1873 1384 1947 1450 aqui·

312 1472 355 1519 est
369 1479 465 1519 scansus
478 1473 507 1516 ut
520 1463 653 1531 Prupbeta
667 1477 717 1532 per
729 1463 921 1533 aspirationem
940 1464 1026 1517 sancti
1043 1461 1105 1532 Spi·
1157 1460 1256 1523 iorreru,
1278 1462 1305 1516 in
1316 1478 1368 1531 qua
1386 1478 1485 1518 measa·
1497 1476 1590 1520 esseut
1612 1469 1645 1522 ad
1667 1469 1830 1525 sacrificiunt
1845 1487 1898 1525 nou
1913 1472 1947 1527 ad

311 1554 381 1609 ritus
392 1554 541 1624 prudenter
553 1554 704 1624 intelligens
716 1554 838 1609 dicebat:
853 1572 863 1603 r
882 1554 1015 1608 ‚ilirabilia
1031 1555 1108 1609 testi·
1158 1552 1355 1606 bolocausturn.
1373 1551 1449 1608 Unde
1472 1556 1498 1609 iu
1521 1556 1649 1613 interiore
1670 1560 1788 1615 dirriurus
1802 1562 1948 1632 significari

312 1645 407 1699 tuouia
419 1654 474 1709 tua,
490 1644 612 1710 Domine,
632 1645 693 1699 idco
704 1653 822 1700 scrutata
836 1655 917 1700 estea
931 1647 1021 1700 anima
1035 1660 1104 1710 ruea,
1156 1645 1317 1709 Ecclesiam,
1333 1646 1359 1699 iu
1375 1648 1503 1701 exteriori
1517 1663 1691 1719 synagogam.
1710 1649 1764 1704 Seu
1778 1650 1821 1705 bis
1834 1650 1949 1719 expietis

311 1743 365 1789 etc.
382 1732 468 1805 (Psoi.
485 1735 592 1803 sarriri.
611 1733 683 1789 »Cui
696 1750 761 1806 ergo
780 1736 892 1789 verbum
915 1735 986 1789 sacri
1006 1734 1106 1804 eloquii
1157 1749 1265 1787 rursum
1287 1732 1423 1802 Proplreta
1446 1734 1540 1803 incipit
1560 1736 1717 1790 iruerioreur
1740 1747 1845 1806 poetam
1868 1748 1966 1807 atque.

312 1825 365 1880 uisi
382 1822 463 1893 lapidi
486 1823 575 1879 simile
599 1824 728 1890 dixerim,
744 1825 771 1878 in
787 1839 842 1894 quo
864 1824 934 1893 iguis
956 1823 1038 1887 latet,
1060 1824 1106 1892 qui
1157 1831 1215 1879 tres
1225 1822 1302 1887 alias,
1319 1823 1345 1879 id
1360 1825 1558 1893 estaquilouis,
1576 1828 1662 1881 austri
1675 1835 1703 1880 et
1719 1829 1833 1883 orientis
1847 1829 1948 1883 ‹leseri-

312 1926 396 1967 manu
410 1910 518 1980 quidem
534 1911 649 1982 irigidus
672 1921 788 1977 terretur,
810 1913 857 1968 scd
871 1928 1016 1981 percussus
1033 1914 1106 1968 torro
1156 1915 1234 1977 berc,
1253 1921 1281 1967 et
1302 1914 1329 1967 in
1346 1929 1440 1968 eurum
1457 1915 1528 1969 atrio
1543 1916 1680 1979 interiori,
1702 1917 1773 1986 quod
1790 1927 1850 1972 erat
1870 1929 1948 1973 extra

312 2016 363 2073 per
376 2001 507 2056 scintillas
519 2001 732 2070 emicatimque
750 2002 802 2057 boc
817 2002 919 2056 emittit
938 2004 1044 2072 iguem,
1058 2002 1105 2071 qui
1157 2012 1264 2072 portam
1281 2004 1439 2059 interiorem
1451 2019 1511 2058 esse
1532 2005 1724 2075 gazophylacia
1739 2017 1890 2072 cantorum,
1901 2022 1947 2061 sa-

312 2099 377 2163 post
390 2091 493 2153 ardeat,
504 2092 576 2161 quod
590 2092 666 2160 prius
680 2108 776 2147 marrus
787 2093 913 2163 irigidum
925 2094 1036 2149 teuebat
1047 2111 1054 2146 ε
1066 2093 1106 2149 sie
1119 2080 1143 2137 Β
1157 2095 1290 2158 cerdotes,
1303 2094 1441 2161 templum,
1453 2093 1538 2147 altare
1555 2102 1582 2148 et
1603 2095 1737 2149 saeriiicia
1759 2096 1893 2165 perbibet.
1915 2094 1943 2149 lu

311 2182 413 2238 etenim
428 2183 468 2238 sic
480 2182 562 2236 uerba
577 2192 640 2236 sunt
653 2185 722 2238 sacri
739 2184 851 2253 eloquii,
866 2200 926 2253 quae
938 2185 1047 2254 quidem
1057 2200 1106 2254 per
1155 2184 1253 2254 quibus
1268 2183 1376 2246 verbis,
1391 2182 1500 2251 quiade
1522 2193 1623 2237 sauctae
1638 2182 1767 2238 Ecclesia·
1780 2184 1948 2241 institutione

312 2274 496 2328 narrationem
523 2274 619 2329 littere
641 2274 738 2346 frigida
761 2285 897 2331 terrentur.
922 2276 974 2331 Sed
997 2278 1021 2331 si
1044 2278 1106 2347 quis
1155 2289 1268 2329 narrare
1286 2274 1339 2328 alia
1359 2274 1394 2327 ab
1415 2274 1470 2338 eis,
1486 2289 1545 2343 quae
1558 2275 1635 2343 prius
1648 2276 1856 2346 dixeratcoepie
1874 2285 1949 2346 patet

312 2365 372 2419 bec
382 2366 518 2433 aspirante
531 2363 645 2419 Domino
661 2366 764 2420 intento
785 2366 922 2421 intellectu
940 2368 1104 2436 pulsauerit,
1155 2368 1226 2437 quod
1241 2367 1379 2421 interioris
1399 2378 1485 2437 portae
1508 2367 1673 2422 intellectum
1689 2370 1812 2422 mutarit.
1828 2368 1857 2424 Si
1871 2371 1944 2425 euim

312 2454 347 2507 de
361 2454 485 2524 mysticis
501 2454 563 2522 ejus
581 2456 706 2509 sensibus
722 2457 811 2523 iqueur
829 2458 970 2526 producit,
982 2468 1013 2513 ut
1025 2459 1052 2513 in
1065 2460 1105 2515 eis
1155 2459 1205 2515 sub
1218 2474 1272 2513 uuo
1283 2458 1419 2512 intellectu
1429 2456 1519 2513 onmia
1530 2458 1642 2523 diceret,
1652 2474 1722 2513 trouu
1731 2459 1826 2514 ordine
1839 2460 1895 2529 ipsa
1908 2470 1948 2515 at·

311 2544 404 2599 verbis
423 2553 485 2614 post
505 2545 610 2600 animus
628 2547 787 2615 spiritaliter
809 2548 921 2612 ardeat,
946 2565 1007 2619 quae
1030 2551 1105 2618 prius
1154 2547 1264 2617 quealia
1273 2563 1326 2601 non
1337 2546 1490 2616 replicaret.
1500 2546 1709 2616 Namquomodo
1719 2558 1946 2618 possumuseatra

311 2647 363 2704 per
377 2632 493 2688 litteram
506 2634 562 2702 ipse
573 2649 681 2703 quoque
696 2635 810 2706 frigidus
828 2636 964 2692 audiebat.
977 2638 1047 2692 Eece
1065 2647 1106 2693 et·
1154 2650 1259 2711 prrrtaru
1272 2640 1437 2700 irruet-iorem,
1458 2638 1781 2711 atr·irrm,gazopbylacia,
1803 2650 1945 2706 cantores,

313 2725 386 2778 euim
400 2724 532 2794 Pruplreta
547 2726 630 2780 dicit:
1154 2730 1319 2793 sacerdotes,
1334 2729 1473 2798 templum,
1489 2729 1584 2793 altare,
1599 2729 1732 2784 sacrilicia
1747 2730 1847 2793 dicere,
1863 2730 1884 2785 si
1897 2746 1945 2799 per

350 2814 404 2868 «Et
414 2823 491 2869 extra
505 2823 611 2882 portam
625 2815 783 2870 interiorem
804 2816 995 2887 gazophylacia
1011 2828 1105 2871 cauto-
1154 2822 1276 2877 eaurdeur
1292 2830 1397 2890 portam
1411 2820 1567 2876 interiorem
1581 2821 1633 2876 boc
1646 2821 1706 2876 loeo
1718 2828 1810 2875 sancta
1823 2821 1944 2876 Ecclesia

315 2921 327 2958 ι
346 2921 405 2960 ιιιιιι
428 2906 455 2960 iu
478 2906 548 2960 atrio
569 2907 689 2961 interiori
705 2907 776 2975 quod
797 2916 855 2962 erat
877 2908 903 2961 in
923 2906 1007 2962 latere
1020 2916 1105 2976 portae
1154 2911 1326 2980 designetur?
1339 2911 1407 2965 Cum
1418 2911 1491 2966 euim
1505 2920 1604 2966 cuneta
1621 2911 1679 2965 lraec
1693 2910 1763 2964 intra
1779 2911 1865 2981 ipsaru
1879 2912 1944 2975 siut,

315 3016 326 3049 ι
344 2998 515 3068 respicientis
531 2999 564 3053 ad
577 2999 742 3068 aquilonem,
760 3008 788 3054 et
804 2998 888 3055 iacies
902 3015 995 3054 eoruur
1009 3009 1103 3054 contra
1154 3002 1289 3071 quomodo
1302 3012 1379 3058 extra
1391 3009 1498 3073 portam
1512 3000 1671 3055 interiorem
1684 3008 1758 3065 suut,
1772 3000 1794 3055 si
1807 3009 1883 3054 extra
1895 3000 1946 3055 Ee-

315 3106 325 3138 ι
343 3087 414 3141 viam
429 3088 585 3154 australem,
601 3104 682 3142 uuam
697 3088 828 3144 exlatere
847 3098 931 3158 portae
945 3090 1103 3155 orientalis,
1154 3093 1264 3149 alesiam
1278 3108 1330 3147 uon
1346 3094 1428 3148 suut?
1439 3092 1553 3164 lrrtebigi
1565 3107 1630 3162 ergo
1640 3102 1718 3161 porta
1731 3093 1844 3147 interior·
1854 3100 1945 3162 potest

317 3196 327 3228 ι
343 3192 403 3247 quae
419 3179 580 3248 respiciebat
593 3179 627 3233 ad
640 3179 712 3233 riam
726 3179 868 3248 aquilonis.
888 3180 940 3233 »lu
956 3181 999 3235 bis
1013 3180 1104 3250 itaque
1153 3199 1198 3249 ea,
1212 3186 1244 3240 de
1259 3200 1312 3253 qua
1330 3183 1387 3253 iam
1409 3183 1489 3252 longe
1511 3183 1635 3252 superius
1658 3182 1741 3237 locuti
1761 3197 1862 3244 sumus,
1884 3196 1944 3250 quae

312 3269 403 3323 uerbis
419 3268 515 3323 litterae
526 3267 559 3322 ad
573 3284 693 3323 amorem
709 3270 755 3323 bei
769 3270 846 3339 eujus
859 3269 966 3323 auirnus
983 3268 1102 3324 iniente-
1153 3285 1248 3327 eourra
1262 3281 1368 3341 portam
1380 3272 1516 3341 aquilonis
1526 3279 1554 3326 et
1568 3271 1729 3327 orientalem
1743 3271 1843 3327 dicitur
1855 3271 1943 3341 posita

311 3358 391 3410 scat?
408 3358 473 3426 quiu
486 3360 576 3426 potius
594 3359 654 3427 quis
668 3374 720 3412 uou
740 3374 772 3413 ex
795 3359 852 3428 ipsa
868 3374 965 3414 eorum
987 3358 1103 3414 lectione
1155 3380 1202 3433 per
1216 3380 1297 3434 qrraur
1315 3362 1426 3433 figurari
1440 3362 1557 3418 diximus
1573 3363 1685 3427 aditum,
1705 3363 1751 3431 qui
1767 3362 1844 3418 uubis
1856 3362 1890 3417 ad
1902 3361 1945 3416 iu·

312 3450 442 3520 tepeirat?
459 3451 488 3506 Si
503 3462 593 3508 auteru
608 3452 693 3507 lateus
706 3454 733 3507 iu
748 3453 836 3508 littera
848 3453 977 3523 spiritalis
987 3453 1101 3509 ruedulla
1116 3427 1139 3488 C
1156 3454 1253 3508 teriora
1269 3454 1366 3524 gaudia
1383 3454 1478 3522 patriae
1490 3452 1609 3508 scelestis
1625 3454 1761 3524 aperitur,
1775 3460 1805 3507 ut
1822 3453 1866 3509 bic
1876 3468 1945 3523 quo-

312 3541 470 3606 discutirur,
484 3557 533 3611 per
545 3542 597 3597 boc
611 3542 736 3597 scintilla·
748 3543 903 3598 intellectus
916 3550 1015 3597 exeunt
1026 3552 1052 3596 et
1064 3544 1105 3597 iu·
1154 3560 1207 3613 que
1226 3560 1275 3612 per
1294 3553 1403 3613 portas,
1426 3558 1486 3612 quar
1508 3544 1581 3598 cirea
1596 3542 1758 3598 uestibulum
1781 3552 1945 3610 narrantur,

311 3634 520 3703 cerulunt,quod
532 3635 704 3704 priuscurdis
715 3634 826 3688 auribus
836 3634 961 3703 trigidum
972 3637 1102 3689 sonabat:
1154 3644 1247 3688 sancta
1261 3632 1397 3687 Ecclesia:
1414 3648 1463 3702 per
1474 3643 1581 3701 portam
1594 3648 1659 3687 uero
1675 3632 1848 3698 interiorem,
1864 3632 1943 3689 eoele·

308 3723 390 3778 uobis
416 3733 503 3778 tamen
524 3733 554 3778 ιιι
568 3739 600 3791 se
624 3725 761 3793 aspirante
783 3723 899 3779 bomine
922 3724 1036 3778 interior
1059 3725 1102 3778 iu·
1153 3725 1205 3780 stis
1228 3725 1303 3794 regni
1324 3724 1414 3779 aditus
1434 3724 1573 3793 ligaretur.
1596 3721 1649 3777 Sed
1668 3722 1777 3791 nequis
1797 3738 1840 3777 rue
1861 3723 1944 3778 rerba

308 3813 435 3868 tellectus
448 3815 567 3883 aperiat,
582 3816 640 3884 ipsa
662 3814 736 3882 prius
751 3814 871 3868 narratio
891 3814 968 3884 justa
985 3814 1102 3868 litteram
1153 3814 1240 3868 sancti
1254 3812 1372 3883 Spiritus
1381 3815 1498 3867 aestimet
1511 3813 1546 3866 ad
1562 3811 1727 3866 intellectura
1742 3826 1832 3866 meum
1845 3812 1945 3866 riolcu-

308 3905 431 3976 patellat.
445 3906 491 3959 Ait
501 3907 583 3967 eninr,
596 3906 659 3975 quia
672 3914 749 3974 porta
761 3915 821 3960 erat
837 3905 950 3959 iuterior
964 3913 1044 3974 atque
1057 3920 1103 3960 ex·
1154 3916 1195 3961 ter·
1210 3905 1355 3970 inflectere,
1373 3913 1402 3960 et
1414 3906 1487 3960 dicat
1500 3906 1563 3974 quia
1580 3904 1613 3959 de
1627 3914 1705 3974 porta
1720 3904 1849 3959 interiore
1860 3904 1945 3974 sigui·

310 4001 352 4046 tra
369 3994 437 4048 banc
451 3996 549 4049 atrium
569 3996 639 4064 quud
653 3995 802 4066 appellatur
815 3996 943 4059 interius,
960 4010 992 4051 ac
1007 3994 1103 4051 deiude
1154 3995 1306 4050 ficationem
1321 4003 1422 4051 sauctae
1434 3995 1662 4063 Ecclesiae,quaru
1679 3994 1762 4049 semel
1772 3995 1826 4049 dixi
1839 4004 1944 4050 mutare

309 4084 381 4147 eliae,
402 4084 499 4147 idest,
520 4085 664 4154 aquilonis,
679 4086 763 4140 austri
786 4095 866 4153 atque
885 4085 999 4140 orientis
1020 4096 1103 4155 poree
1153 4102 1206 4141 nou
1222 4085 1313 4150 debui,
1328 4084 1476 4155 iuiulgeute
1491 4084 1539 4139 [lei
1554 4084 1746 4153 omnipotentis
1761 4085 1859 4154 gratia,
1880 4100 1940 4153 qum

310 4174 520 4228 deseribuntur:
537 4185 565 4229 ut
580 4177 667 4245 ipsum
681 4176 779 4229 atrium
795 4176 865 4243 quod
880 4190 942 4230 esse
952 4184 1028 4229 extra
1041 4190 1103 4244 por-
1153 4175 1285 4244 ooepirnus
1299 4175 1357 4243 ipsa
1372 4184 1526 4230 teneamus:
1542 4184 1571 4228 ut
1583 4181 1610 4229 ct
1626 4183 1704 4244 porta
1723 4175 1836 4230 interior
1855 4175 1944 4247 signet

309 4271 366 4315 taur
382 4262 537 4317 interiorem
554 4265 678 4328 dixerat,
701 4280 716 4317 a
739 4265 825 4334 portis
837 4263 1021 4319 exterioribus
1041 4278 1102 4318 csse
1153 4265 1312 4330 Ecclesiam,
1326 4281 1386 4335 quae
1398 4279 1445 4320 eos
1457 4266 1491 4319 ad
1503 4265 1633 4320 interiora
1649 4265 1746 4336 gaudia
1766 4264 1898 4334 perducit,
1913 4272 1942 4319 et

309 4352 425 4408 interius
437 4356 571 4410 ostendat.
588 4356 694 4410 Atrium
712 4372 777 4426 ergo
796 4357 847 4411 lroo
865 4365 892 4411 ct
912 4356 1015 4410 loriset
1030 4356 1103 4409 intus
1153 4354 1352 4425 gazophylacia,
1366 4364 1502 4419 cantores,
1516 4356 1682 4422 sacerdotes,
1695 4355 1941 4427 ternplum,altare,

307 4454 363 4511 est,
376 4446 451 4512 ioris,
474 4449 537 4517 quia
552 4457 628 4503 entra
643 4457 748 4516 portam
772 4448 947 4502 interiorem:
965 4448 1036 4502 intus
1051 4462 1101 4500 au-
1153 4446 1286 4501 sacrificia
1299 4447 1355 4501 siut
1369 4447 1395 4501 iu
1413 4448 1484 4502 atrio
1497 4446 1568 4517 quod
1583 4455 1713 4503 estextra
1727 4458 1846 4517 porum,
1859 4457 1887 4503 et
1901 4457 1942 4501 ta·

308 4543 375 4600 tem,
387 4538 451 4605 quia
464 4538 535 4592 intra
546 4547 638 4606 portas
649 4523 809 4593 exteriores.
822 4537 1021 4607 Gazoplrylaeia
1033 4552 1109 4607 quo«
1152 4552 1215 4591 meu
1227 4546 1305 4591 extra
1320 4537 1468 4593 Ecclesiam
1482 4554 1536 4593 nou
1552 4539 1616 4593 sint.
1632 4537 1661 4593 Si
1676 4538 1748 4594 euiur
1761 4538 1852 4594 subtili
1861 4538 1944 4613 inre·

308 4640 363 4695 que
377 4634 517 4681 cautorum
541 4643 602 4682 esse
621 4627 647 4681 in
666 4631 718 4684 boc
738 4629 832 4683 eodem
855 4629 925 4683 atrio
941 4638 1100 4695 narrantur,
1153 4626 1297 4697 stipatione
1313 4627 1508 4697 perquirimus,
1523 4629 1560 4683 uil
1576 4629 1667 4683 obstat
1688 4627 1812 4697 intelligi,
1828 4637 1858 4681 ut
1869 4627 1940 4683 iute-

307 4731 370 4786 (ιιι-ιι
390 4734 406 4771 a
430 4717 514 4773 latere
528 4729 612 4788 portae
632 4722 719 4789 posita
739 4720 865 4774 dicuutur
884 4721 1052 4790 respicientis
1067 4721 1100 4775 ad
1153 4717 1253 4772 riorem
1268 4728 1385 4788 portam,
1401 4718 1646 4783 sicutdictumest,
1657 4725 1780 4771 sanemur
1792 4715 1941 4771 Ecclesiam

308 4807 483 4876 aquilonem:
502 4808 548 4862 sed
562 4808 618 4876 ipsa
631 4809 725 4863 cariem
741 4809 932 4879 garzopbylacia
948 4809 981 4864 ad
993 4818 1100 4864 austra·
1113 4775 1140 4834 D
1152 4814 1318 4876 sentiamus,
1336 4811 1370 4865 de
1388 4826 1441 4880 qua
1463 4825 1534 4864 nunc
1548 4808 1667 4862 dicitur:
1686 4817 1732 4862 ιιι
1743 4816 1821 4862 extra
1834 4818 1941 4877 portam

307 4898 363 4954 lem
376 4899 446 4953 riam
460 4901 616 4970 respiciunt.
629 4902 663 4956 Et
675 4903 799 4957 srrltditur
813 4921 819 4956 r
838 4924 847 4953 ι
866 4903 905 4957 Ex
920 4904 1003 4959 latero
1015 4900 1099 4975 poree
1150 4899 1308 4954 interiorem
1315 4898 1506 4969 gazophylacia
1516 4905 1659 4951 caletorum
1670 4897 1697 4950 in
1707 4895 1777 4951 atrio
1786 4896 1934 4952 interiori.»

305 4987 535 5058 orientalisque
552 4991 712 5059 respiciebat
733 4993 766 5046 ad
787 4992 858 5046 riam
878 4993 1021 5063 aquilonis.
1041 5014 1050 5046 r
1069 4995 1098 5049 ln
1150 4989 1283 5045 Duosuut
1297 4988 1410 5053 etenim,
1427 5002 1488 5056 que
1506 4986 1645 5052 dicuutur,
1660 4995 1738 5056 porta
1755 4985 1879 5050 interior,
1894 4996 1936 5040 at-

306 5079 406 5150 quibus
427 5081 518 5136 verbis
541 5092 633 5151 aperte
653 5083 829 5154 intelligitur,
854 5083 916 5151 quia
939 5092 1098 5140 cunctorum
1151 5094 1204 5149 que
1216 5086 1293 5131 exirit
1308 5077 1378 5130 lianc
1390 5076 1489 5129 allium
1506 5075 1631 5140 interius,
1645 5074 1841 5144 ¹1⁰³10¹¹⁰⁵h⁰0
1852 5074 1940 5144 ipsum

305 5172 496 5244 garzopbytaeta
518 5174 590 5229 iuter
607 5174 676 5230 latus
690 5184 774 5244 portae
789 5174 959 5244 respicientis
971 5177 1005 5227 ad
1019 5177 1097 5245 aqui·
1148 5169 1248 5225 atrium
1263 5174 1291 5220 et
1307 5166 1428 5221 euterius
1442 5165 1492 5232 sit,
1513 5174 1542 5220 et
1554 5165 1678 5229 interius,
1691 5165 1811 5221 caterius
1824 5182 1840 5219 a
1851 5174 1938 5236 porta,

306 5264 407 5328 lunen,
420 5273 447 5317 et
462 5264 532 5317 latus
543 5274 628 5333 portae
640 5265 780 5320 orientalis
791 5264 900 5319 fueraut
918 5265 1022 5334 posita,
1038 5280 1098 5334 quae
1148 5258 1264 5314 ruterius
1277 5266 1383 5323 autern,
1401 5257 1472 5311 sicut
1484 5254 1658 5328 prediximus
1669 5297 1677 5322 ,
1687 5256 1774 5327 portis
1794 5272 1862 5326 quas
1874 5272 1939 5311 nar·

305 5365 384 5427 porta
403 5355 527 5411 videlieet
537 5356 700 5425 respiciebat
709 5357 742 5410 ad
756 5356 825 5409 riam
838 5355 981 5424 aquilonis.
1003 5354 1098 5411 Facies
1148 5349 1235 5403 raudo
1248 5348 1397 5418 subjunxit.
1423 5347 1522 5406 Sancta
1545 5349 1619 5405 euim
1642 5348 1763 5405 Ecclesia
1783 5349 1851 5404 duas
1870 5349 1939 5405 ritas

305 5449 398 5516 itaque
414 5447 668 5518 gazophylaciorum
688 5455 783 5502 contra
799 5447 869 5500 riam
881 5447 1037 5509 australem,
1050 5446 1098 5500 sed
1149 5444 1240 5509 babet,
1256 5459 1338 5499 unam
1352 5458 1404 5514 qua
1418 5444 1603 5515 temporaliter
1616 5444 1700 5508 ducit,
1716 5442 1796 5498 aliam
1810 5456 1892 5512 quam
1908 5440 1937 5496 in

304 5537 405 5607 positio
421 5538 491 5592 iuter
502 5546 608 5606 portam
621 5547 680 5592 erat
693 5538 807 5592 orientis
821 5545 848 5591 et
859 5537 1003 5607 aquilonis.
1015 5536 1097 5591 Porta
1147 5545 1277 5589 aternum
1291 5535 1388 5605 recipit
1403 5552 1411 5589 ι
1429 5551 1510 5590 ιιιιιιιι
1521 5550 1573 5604 qua
1584 5535 1691 5591 laborat
1705 5534 1732 5588 iu
1748 5541 1837 5594 terra,
1854 5531 1936 5585 aliam

303 5643 372 5700 ergo
384 5630 495 5685 interior
512 5629 629 5684 babebat
641 5645 674 5683 ex
690 5629 772 5683 latere
785 5638 892 5697 portam
906 5627 1052 5697 aquilonis,
1064 5641 1097 5682 ex
1148 5639 1202 5693 qua
1215 5634 1403 5682 remuneratur
1422 5626 1449 5681 iu
1463 5625 1547 5692 coelo;
1566 5641 1648 5680 unam
1660 5641 1713 5695 qua
1728 5623 1868 5678 mercedes
1882 5622 1939 5678 ool-

304 5718 360 5777 alio
371 5736 478 5792 quoque
491 5720 574 5775 latere
591 5729 695 5790 portam
708 5719 870 5785 australem,
882 5719 909 5773 in
928 5717 1017 5773 boute
1032 5733 1097 5773 uero
1150 5714 1218 5786 ligit,
1236 5718 1315 5772 abam
1329 5734 1394 5774 uero
1416 5718 1508 5788 inqua
1520 5717 1577 5787 jam
1590 5717 1624 5773 de
1643 5716 1757 5784 receptis
1768 5714 1938 5770 mercedibus

303 5814 430 5869 vestibuli
463 5812 603 5869 orientalis
629 5822 707 5882 porta
732 5820 888 5866 surrexerat
914 5816 922 5865 a
951 5819 1033 5881 atque
1058 5811 1098 5866 sic
1150 5807 1259 5877 gaudet.
1279 5806 1367 5877 Atque
1386 5807 1413 5860 in
1439 5814 1555 5876 utraque
1574 5805 1630 5858 vita
1649 5802 1729 5859 oiiert
1751 5799 1935 5857 sacrificium:

305 5902 406 5959 atrium
424 5910 483 5958 erat
495 5912 572 5956 extra
592 5910 697 5971 portam
722 5901 895 5965 interiorem,
917 5909 946 5953 ut
961 5902 1011 5955 lroc
1028 5915 1096 5968 quo·
1149 5896 1194 5951 bic
1210 5895 1334 5951 videlicet
1348 5897 1511 5952 sacrificium
1525 5895 1756 5963 compunctionis,
1777 5902 1805 5947 et
1818 5892 1872 5946 illic
1886 5908 1932 5947 sa·

305 6009 360 6065 que
377 6004 447 6049 esset
465 5995 593 6057 interius,
612 6002 695 6063 portae
709 5992 827 6048 caterius
846 5991 1009 6047 ambiebant.
1036 5994 1096 6049 lime
1148 5988 1280 6045 cribciuur
1296 5987 1393 6044 laudis.
1408 5987 1447 6044 Dc
1464 5988 1514 6044 boc
1527 5985 1660 6042 sacrificio
1675 5984 1791 6040 dicitur:
1808 6001 1817 6034 ι
1838 5982 1933 6038 Sacri·
