4500 6842
309 601 380 660 1059

631 598 662 651 B.
681 591 809 651 nabunt
829 591 939 650 utem
958 585 1121 646 necuter.
1141 583 1297 643 docum.
1315 582 1460 641 oreada!
1477 585 1569 643 PARS
1587 586 1619 643 11.

1882 588 1951 646 tolo

307 728 341 771 ιε
352 709 544 783 superstitiosa
559 706 704 762 ducuntur.
722 704 776 759 Sed
789 704 848 758 baec
860 702 969 773 quidem
988 699 1099 770 Papius,
1114 696 1258 761 Adicibus
1268 696 1393 769 legimus,
1413 716 1422 750 ι
1436 701 1600 757 reversionis
1610 716 1677 758 mec
1687 704 1781 759 instat.
1801 724 1812 757 ι
1828 704 1878 762 Sic
1889 721 1952 780 erge

291 803 337 862 '‘et
350 803 372 859 si
387 802 435 873 qul
449 801 474 856 ci
490 798 592 856 similes
608 805 680 861 sunt,
700 793 806 863 plenius
818 792 853 847 ab
867 793 924 863 ipsa
935 790 1067 863 sapientia
1077 797 1106 844 ct

309 894 393 952 terbo
415 892 463 947 bei
488 888 688 961 perfectiusque
713 882 901 956 cognoverint.
932 880 988 936 Nos
1012 888 1104 934 autem

310 991 442 1055 quantum
461 996 494 1035 ex
510 981 631 1048 ipsorum
646 975 745 1030 litteris
755 972 883 1042 colligere
897 985 1057 1042 possamus,
1077 968 1104 1021 in

311 1074 409 1147 quibos
424 1070 503 1126 nobis
514 1068 649 1137 velutpcr
662 1065 787 1119 umbram
805 1073 833 1118 et
844 1062 990 1133 imaginem
1005 1060 1105 1115 indicia

312 1166 435 1239 quedam
446 1162 578 1217 dederunt
591 1158 622 1213 ad
636 1156 845 1213 aedificationem
859 1167 1041 1213 communem,
1052 1150 1107 1205 dis·

313 1268 406 1317 catere
422 1254 579 1311 summatim
593 1250 627 1306 de
641 1247 839 1305 sacrificiorum
864 1245 918 1299 ritu
934 1243 1024 1313 aliqua
1048 1249 1106 1296 ten-

314 1351 441 1407 tabimus
457 1345 486 1400 lu
502 1344 609 1415 paschae
628 1338 778 1396 festivitate
794 1346 879 1407 agnus
894 1335 1022 1391 scribitur
1035 1346 1105 1396 esse,

313 1440 361 1512 qui
376 1436 501 1509 purificat
522 1432 661 1504 pupulum,
681 1430 709 1484 in
722 1428 782 1483 aliis
796 1424 932 1490 vitulus‚'
926 1439 954 1478 m
972 1421 1032 1476 aliis
1051 1419 1108 1474 lrir·

315 1545 375 1594 cos,
389 1535 436 1581 am
450 1523 534 1587 aries,
560 1520 602 1575 vel
620 1534 713 1588 capra,
733 1515 777 1571 vel
800 1512 895 1578 vitula,
915 1511 986 1565 sicot
1006 1524 1040 1564 ex
1053 1509 1107 1573 lris,

315 1634 376 1689 quae
389 1616 504 1671 recitata
518 1621 592 1676 sunt,
603 1608 745 1665 didicistis.
774 1604 847 1660 Unus
863 1618 927 1674 ergo
944 1617 977 1655 ex
993 1600 1036 1655 iris
1049 1598 1108 1653 ani·

1158 787 1403 860 dguraliterpotest
1409 788 1505 856 videri,
1517 792 1589 862 quod
1599 793 1669 847 alius
1677 810 1728 864 pro
1741 795 1893 854 festivitate
1904 814 1952 854 att·

1156 892 1261 944 vomm,
1273 878 1342 934 alius
1356 894 1407 949 pro
1420 879 1565 937 festivitate
1580 884 1695 951 sabbati,
1707 886 1777 942 alius
1789 904 1840 958 pro
1852 887 1954 947 festivi·

1156 975 1212 1023 tate
1231 968 1479 1035 tabernaculorum,
1503 972 1574 1041 quod
1596 974 1687 1029 hircus
1711 990 1759 1032 aut
1777 978 1891 1045 vitulus,
1910 992 1954 1037 aut

1157 1061 1229 1117 aries
1243 1060 1373 1117 offeratur
1384 1063 1418 1118 ad
1438 1064 1668 1141 reconciliandum
1682 1068 1843 1125 bominibus
1852 1071 1953 1129 mun:

1157 1152 1242 1206 donee
1262 1151 1334 1206 enim
1345 1161 1408 1207 sunt
1424 1164 1546 1224 peecata,
1560 1151 1673 1212 necesse
1682 1167 1725 1213 est
1746 1162 1852 1231 requiri
1868 1173 1896 1217 et
1910 1166 1956 1220 bo

1158 1243 1224 1298 stias
1236 1244 1423 1314 propeccatis.
1437 1244 1505 1300 Nam
1516 1263 1594 1317 pone,
1605 1250 1679 1306 verbi
1693 1254 1795 1323 gnatia,
1808 1272 1861 1310 nou
1875 1256 1956 1314 luisse

1158 1332 1309 1404 peccatum.
1327 1334 1355 1390 Si
1367 1351 1420 1391 uon
1435 1337 1531 1393 luisset
1542 1349 1694 1409 peccatum,
1708 1360 1761 1398 uon
1776 1362 1890 1402 necesse
1901 1348 1956 1403 lue

1159 1436 1202 1479 rat
1217 1424 1314 1478 Filium
1328 1425 1375 1480 Dei
1387 1443 1485 1495 agnum
1508 1428 1577 1494 beri,
1591 1447 1640 1486 nec
1660 1449 1729 1503 opus
1743 1435 1838 1491 iuerat
1857 1442 1956 1494 eumin

1159 1532 1242 1571 carne
1254 1517 1370 1585 positum
1391 1518 1520 1589 jugulari,
1534 1520 1581 1574 sed
1594 1523 1738 1577 mansisset
1759 1527 1825 1592 boc,
1847 1532 1918 1598 quod
1931 1531 1956 1586 ia

1159 1606 1291 1677 principio
1309 1608 1450 1661 eratbeus
1461 1608 1583 1662 verbum.
1600 1611 1700 1665 Verum
1726 1617 1859 1682 quoniam
1873 1619 1957 1676 intro·

316 1706 444 1770 malibus,
461 1718 521 1774 quae
543 1701 576 1756 ad
596 1698 795 1770 purificandum
808 1694 936 1766 populum
954 1700 1108 1755 sumuntur,
1162 1695 1211 1749 ivit
1224 1704 1364 1765 peceatum
1374 1712 1402 1750 ιιι
1419 1697 1490 1751 bunc
1501 1699 1629 1753 mundum
1633 1705 1750 1770 ‚peccati
1764 1715 1857 1761 autem
1868 1725 1958 1766 neces

316 1809 470 1868 cstaguus,
486 1795 531 1866 qui
552 1808 638 1862 agnus
653 1792 710 1860 lpse
733 1804 793 1845 csse
810 1788 909 1843 dicitur
930 1783 1061 1839 Dominus
1083 1790 1112 1836 ct
1162 1787 1459 1857 sitaspropitiatiouem
1484 1790 1607 1859 requirit,
1632 1800 1658 1847 ct
1678 1798 1840 1865 propitiatio
1861 1817 1915 1855 „0ss
1929 1802 1957 1857 pp

317 1890 443 1947 Salvator
456 1894 568 1942 noster
583 1898 622 1937 stc
635 1896 706 1936 enrm
720 1872 1057 1941 mtcllcmtloanues‚qm
1071 1877 1111 1926 est
1162 1885 1426 1957 mppgphosuam.
1447 1885 1958 1958 necessariumloitprotidenhosii„

318 1972 797 2051 majoromuiumprophetarunr,ct
818 1965 980 2038 signavitde
998 1961 1110 2033 ipsodi-
1164 1990 1213 2046 ppo
1233 1984 1353 2045 peccam.
1374 1975 1407 2028 Et
1425 1978 1552 2045 quoniam
1576 1979 1678 2047 peccati
1699 1979 1786 2047 ipsius
1810 1981 1959 2039 diverszeer

317 2084 403 2129 cens:
422 2086 433 2122 r
450 2068 521 2123 Ecce
542 2068 636 2135 dgnus
654 2060 713 2127 bei,
739 2056 948 2127 eccequitollit
969 2051 1248 2124 peecatuvaapjae
1273 2068 1418 2137 qualitates
1446 2067 1575 2134 suerum,
1604 2071 1775 2127 diversorum
1804 2076 1958 2130 animalium

321 2160 416 2218 1111111111
429 2158 521 2231 (lm-
538 2158 569 2227 1)·
586 2154 677 2229 (Gfsslb
694 2152 835 2221 1111111111·
853 2170 862 2202 1
889 2150 1121 2221 0101111811111ι
1166 2160 1329 2214 mandantur
1354 2159 1467 2222 hostiae;
1491 2160 1583 2230 procul
1596 2161 1692 2225 dubio,
1707 2179 1770 2232 rquae
1784 2168 1959 2221 convenirent

319 2250 415 2323 11111111
439 2246 636 2318 1111111111111
661 2241 789 2313 populum
810 2241 889 2295 11111111
901 2248 952 2306 151,
978 2240 1011 2293 ad
1024 2253 1117 2309 111110·
1165 2249 1341 2305 varietatibus
1353 2258 1536 2318 peccatorum.
1557 2249 1689 2322 sicergo
1709 2252 1795 2309 edicit
1815 2256 1884 2311 alius
1900 2258 1958 2327 qui.

316 2341 384 2397 vnam
399 2338 506 2395 Domini
532 2347 560 2392 et
575 2334 729 2390 Salvatoris
753 2333 841 2389 nostri
867 2330 994 2403 refertor,
1022 2344 1117 2386 conse·
1166 2340 1227 2395 dem
1243 2351 1398 2410 sanctorum
1411 2343 1469 2397 sive
1478 2343 1646 2413 angelorum,
1659 2353 1688 2400 ιιι
1700 2345 1834 2413 diximus,
1849 2348 1906 2403 sinc
1917 2350 1959 2405 bo·

319 2448 409 2507 quens
435 2430 553 2495 videtur,
578 2428 649 2497 quod
673 2427 755 2481 etiam
775 2432 872 2480 eaetera
892 2422 1039 2487 animalia,
1057 2437 1117 2493 quae
1166 2432 1268 2487 spinum
1282 2431 1391 2504 uitulus,
1407 2433 1453 2502 qui
1472 2434 1499 2488 in
1514 2432 1558 2488 illa
1570 2434 1719 2489 testivitate
1736 2436 1960 2509 interveniatpro

323 2528 366 2584 bis
379 2526 499 2599 ejusdem
525 2520 724 2596 purificationis
737 2518 831 2573 usibus
844 2517 972 2587 deputata
987 2521 1058 2578 sum,
1075 2529 1117 2568 rc-
1153 2522 1256 2593 populi
1267 2522 1391 2580 puerperis:
1411 2525 1479 2580 ,pus
1498 2535 1588 2584 autem
1605 2528 1676 2582 „pes
1689 2528 1717 2582 pn
1727 2528 1784 2583 alia
1805 2527 1958 2598 sesuvium.

322 2616 389 2673 ferri
403 2616 527 2678 debeant,
540 2611 665 2668 similiter
677 2610 710 2666 ad
724 2608 829 2679 aliquas
841 2620 981 2678 personas,
995 2620 1054 2677 quae
1068 2619 1117 2676 pu·
1166 2631 1281 2685 quui-um
1304 2616 1498 2676 intercessione
1516 2617 1562 2671 bat
1581 2618 1734 2689 purilleatio
1761 2635 1814 2690 pro
1834 2624 1957 2692 peccaris„

323 2703 483 2761 rideationis
508 2700 608 2771 aliquid
635 2699 753 2753 humano
767 2695 859 2769 generi
874 2692 1025 2749 conserant.
1050 2692 1117 2748 llide
1167 2706 1243 2773 Quod
1263 2707 1286 2761 sp
1311 2707 1449 2778 purificari
1464 2709 1603 2779 potuerim
1618 2710 1744 2767 homines
1766 2727 1782 2765 a
1802 2714 1923 2783 peccam
1934 2724 1959 2770 ἃ

324 2808 389 2865 ergo
417 2806 452 2847 ne
478 2791 549 2846 larte
575 2790 645 2845 sieut
667 2788 798 2863 Dominus
824 2793 852 2843 et
875 2784 1000 2862 Salvator
1024 2791 1117 2839 noster
1166 2797 1696 2867 essepuriores,mtrruunuueruosuae,
1714 2800 1742 2855 εἰ
1755 2802 1892 2872 enimpm
1902 2819 1959 2874 W·

327 2882 428 2953 «quasi
444 2897 528 2953 agnus
547 2880 580 2936 ad
592 2879 758 2937 occisionem
777 2878 874 2932 ductus
894 2874 962 2947 (lto.
975 2874 1044 2946 ιιιι),
1063 2893 1072 2926 ι
1090 2881 1118 2928 ει

325 2973 353 3028 in
373 2972 537 3028 sacrificium
553 2969 647 3026 altario
661 2969 768 3025 oblatus
782 2976 953 3038 pcccatorum
979 2965 1116 3022 remissio·

324 3078 386 3118 uem
401 3063 529 3117 universo
543 3061 670 3131 praestitit
687 3060 788 3119 mundo
803 3077 810 3111 :
832 3059 868 3113 ita
887 3056 1012 3112 fortassis
1023 3063 1051 3109 et
1064 3069 1116 3110 ειε-

325 3161 444 3207 terorum
463 3159 616 3206 sauctorum
632 3164 664 3203 ae
673 3149 809 3217 justorum
825 3166 834 3199 r
857 3146 978 3220 sanguis,
994 3144 1040 3216 qui
1053 3142 1119 3199 ellu-

324 3258 371 3299 sus
384 3250 453 3298 esta
473 3241 604 3312 sanguine
624 3238 692 3294 Abel
713 3238 778 3308 justi
799 3239 935 3308 usquead
957 3236 1117 3307 sanguinem

324 3332 463 3389 llaebariae
476 3332 624 3401 prophete,
649 3330 695 3401 qui
710 3326 870 3383 interiectus
886 3336 928 3382 est
943 3327 1014 3381 inter
1030 3326 1117 3382 aedem

1166 2887 1236 2942 eatis
1260 2895 1324 2942 suut
1350 2888 1445 2944 bestiae
1467 2897 1496 2943 ct
1519 2905 1568 2959 pro
1591 2890 1765 2947 multitudine
1789 2881 1959 2964 peccatorum

1167 2979 1350 3049 multiplicate.
1371 2990 1445 3047 suut,
1474 2983 1534 3037 sine
1549 2984 1630 3039 dubio
1644 2993 1671 3038 et
1684 3000 1734 3054 pro
1748 2985 1900 3057 exiguitate
1913 2989 1957 3041 mi·

1167 3075 1295 3123 nuurrtur.
1309 3067 1441 3140 (llieron.)
1464 3068 1958 3144 arteiruendumquediligentiusquot

1168 3157 1195 3210 in
1210 3157 1344 3213 sacrificio
1361 3159 1424 3227 cplri
1438 3173 1486 3229 per
1499 3160 1622 3225 vitulum,
1644 3172 1671 3217 et
1687 3163 1751 3232 epiri
1775 3178 1825 3233 per
1838 3165 1955 3227 arietem,

1168 3257 1196 3301 et
1207 3247 1259 3303 olei
1274 3248 1319 3303 biu
1331 3247 1490 3314 oderantur,
1506 3266 1565 3319 qum
1581 3251 1607 3304 iu
1621 3251 1679 3323 lege
1691 3265 1829 3323 praccepta
1846 3243 1918 3310 suut
1931 3256 1958 3310 Ιιι

1169 3337 1305 3392 uitiatione
1315 3349 1404 3393 autem
1419 3340 1486 3394 birci
1499 3357 1549 3395 uec
1562 3341 1634 3409 epbi,
1645 3358 1707 3405 nec,
1717 3352 1747 3398 ιιι
1758 3343 1831 3399 Lxx
1847 3354 1960 3400 transtu·

324 3438 353 3483 et
369 3426 453 3483 altare
466 3424 574 3498 (Mattio
585 3422 680 3494 xxtn);
690 3422 804 3476 alterius
817 3418 927 3491 quidem
941 3432 1052 3489 sanguis
1064 3433 1118 3474 sre
1131 3410 1274 3493 Clarum,
1283 3427 1364 3481 coctio
1383 3429 1501 3497 ponitur,
1517 3443 1562 3498 qm
1573 3444 1621 3498 pro
1639 3432 1701 3499 epiri
1717 3434 1830 3503 πέμμα,
1846 3434 1958 3501 boec-,q

325 3528 356 3574 ιιι
368 3518 469 3583 vitulae,
486 3517 597 3575 alterius
619 3516 691 3571 sicut
705 3514 774 3569 birci
796 3521 844 3568 aut
855 3525 961 3580 eaprae,
976 3518 1023 3565 aut
1035 3510 1117 3565 alicu-

321 3609 368 3684 jus
379 3612 477 3666 horum
489 3609 566 3664 iusus
584 3616 626 3663 est
644 3607 678 3661 ad
690 3604 854 3675 expiandum
872 3617 921 3672 pro
936 3609 1013 3670 parte
1027 3600 1116 3671 aliqua

322 3701 461 3774 pupulum.
484 3700 548 3756 Sive
560 3714 625 3771 crgo
636 3699 695 3754 bare
716 3698 750 3752 ad
765 3694 899 3766 justorum
912 3693 1118 3764 prophetarum·

323 3794 376 3866 qite
389 3809 529 3864 personas,
551 3794 598 3865 qui
613 3794 640 3847 iu
653 3792 705 3846 boe
723 3790 822 3845 mundo
839 3787 958 3859 ¹jugulati
980 3795 1053 3852 sunt,
1074 3785 1118 3841 vel

323 3902 418 3943 corum
433 3887 478 3957 qui
492 3886 603 3940 dicunt:
632 3903 641 3935 ι
661 3882 794 3951 Quoniam
807 3888 918 3951 propter
935 3887 960 3934 te
974 3886 1061 3933 morte
1077 3876 1117 3930 al-

324 3978 430 4042 ilcimur
452 3973 670 4049 [interdicamur]
697 3982 752 4028 tota
773 3972 824 4035 die,
839 3968 965 4025 aestimati
981 3982 1074 4022 samus
1089 3974 1118 4020 ut

323 4086 388 4126 oves
401 4069 546 4126 occisionis
560 4065 648 4140 (Pani.
673 4069 776 4132 scarila
803 4060 943 4117 referenda
964 4059 1117 4123 videantur,

222 4153 226 4162 ’
324 4160 386 4229 quis
401 4157 479 4213 lacile
495 4158 593 4211 audeat
610 4153 772 4212 allirmare'l
792 4151 885 4224 Neque
898 4150 971 4204 enim
987 4149 1045 4202 bme
1061 4146 1118 4201 ani-

326 4250 406 4304 malia
419 4263 468 4318 per
482 4248 609 4317 speciem,
634 4246 680 4300 seul
692 4260 740 4318 per
751 4243 863 4313 figuram
887 4239 981 4295 relerri
994 4240 1027 4292 ad
1043 4238 1116 4291 illam

325 4339 368 4393 vel
382 4340 454 4392 illam
478 4351 620 4407 personam
638 4335 756 4403 putuula
775 4344 849 4388 sunt.
870 4329 937 4387 Nam
953 4331 1010 4401 ipse
1024 4328 1116 4384 bomi-

326 4442 377 4481 nus
391 4425 469 4480 lesus
481 4424 606 4478 Gluistus
618 4438 670 4475 riou
684 4421 743 4475 ideo
755 4435 840 4492 agnus
853 4420 961 4483 dieitur,
980 4418 1057 4489 quasi
1071 4418 1118 4488 qul

326 4526 444 4573 inemtas
458 4516 503 4581 sit,
530 4522 556 4568 ει
570 4526 716 4569 conversus
740 4511 898 4581 inspeciem
913 4511 974 4581 agni
989 4528 995 4563 :
1020 4509 1118 4565 dicitur

326 4615 415 4662 tamen
430 4621 515 4678 agnus
529 4604 592 4674 quia
606 4601 729 4656 voluutas
741 4608 769 4653 et
782 4600 1019 4669 bonitasejusqua
1034 4600 1118 4652 Deum
1133 4596 1140 4611 ’

294 4699 296 4705 ’
325 4696 522 4770 repropitiavit,
550 4692 704 4747 bominibus
729 4699 756 4747 ct
779 4699 952 4760 peecatorum
979 4690 1119 4759 indulgen·

240 4859 242 4863 Ι
326 4791 390 4845 tiam
404 4788 486 4853 dedit,
507 4786 568 4840 talis
579 4783 683 4839 exstitit
708 4782 824 4836 lrumano
842 4780 945 4851 generi,
965 4796 989 4849 q·
1002 4780 1088 4833 asiv
1055 4779 1116 4851 agui

325 4881 413 4935 bestia
430 4876 601 4934 inutraculata
615 4884 641 4930 et
654 4875 798 4939 innocens,
814 4887 867 4941 qua
883 4871 983 4941 placari
1001 4872 1116 4926 bomini-

325 4972 375 5025 bus
389 4972 478 5026 dit-tua
492 4969 649 5025 creduntur.
665 4965 710 5021 Sic
727 4980 793 5036 ergo
817 4964 839 5020 si
853 4964 898 5035 qui
912 4963 1049 5033 justorum
1067 4965 1118 5022 lto-

326 5058 429 5112 minum
440 5058 485 5113 bic
494 5072 544 5127 pro
558 5056 778 5127 repropitiatione
793 5054 884 5111 divina
899 5054 973 5109 velut
987 5054 1058 5111 aries
1070 5064 1118 5110 aut

326 5151 438 5216 vitulus,
456 5160 502 5204 aut
519 5152 610 5207 lrireus
623 5151 729 5208 oblatus
742 5159 803 5217 est,
819 5148 981 5204 sacrificium
997 5150 1032 5205 ab
1046 5149 1120 5220 puri·

325 5239 478 5296 ficationem
496 5240 598 5310 ⁸populo
618 5242 815 5311 impetrandam
836 5239 921 5308 accipi
941 5247 1050 5310 potest:
1072 5250 1120 5296 aut

326 5346 380 5385 non
396 5329 502 5384 videtur
529 5329 600 5383 aries
613 5337 660 5382 aut
676 5331 766 5384 hircus
785 5328 970 5383 lrolocaustmu
995 5344 1025 5384 se
1041 5330 1120 5384 ‹ibru-

326 5430 389 5481 lisse
402 5425 501 5480 Paulus
513 5440 563 5493 pro
580 5424 677 5494 populo
689 5424 778 5485 lsrael,
795 5439 857 5478 cum
870 5424 975 5478 dicebat
990 5440 997 5476 :
1015 5444 1024 5474 ι
1039 5422 1118 5494 Opta-

325 5520 388 5573 bam
412 5526 501 5573 autem
528 5532 578 5588 ego
592 5518 648 5586 ipse
665 5517 808 5570 anathema
831 5532 919 5571 ossea
945 5515 1053 5572 cbristo
1069 5532 1118 5587 pro

328 5608 457 5664 iratribus
470 5608 547 5674 meis,
570 5608 614 5677 qui
630 5615 692 5663 suut
707 5607 812 5678 cognati
832 5607 882 5661 mei
895 5609 1044 5663 secundum
1059 5624 1118 5662 cur-

327 5716 389 5756 nem
401 5700 487 5773 (llom.
503 5699 555 5772 rx)?
572 5721 581 5751 ι
611 5697 657 5753 l'is
671 5707 759 5752 utitem
775 5698 852 5763 seire,
869 5699 942 5767 quod
956 5713 985 5754 se
999 5699 1116 5754 bostiam

227 5845 230 5851 4
327 5793 408 5848 ctiam
434 5792 532 5848 Pardus
551 5791 646 5848 aflerat
667 5790 863 5861 jrtgulaudmu?
887 5792 957 5846 liudi
970 5808 1032 5848 etuu
1048 5802 1074 5847 et
1090 5793 1117 5848 iu

311 5885 388 5953 ‚aliis
408 5886 540 5940 dicentem
556 5903 565 5960 ³,
584 5902 593 5935 ι
610 5883 670 5938 lam
693 5882 764 5937 enim
778 5897 828 5952 ego
852 5882 989 5947 immolor,
1006 5892 1032 5937 et
1051 5893 1118 5937 tem-

328 5993 378 6047 pus
395 5979 564 6035 resolutionis
577 5978 619 6049 (ll
632 5978 698 6032 Tim.
714 5977 762 6048 tv),
783 5997 792 6029 ι
820 5976 861 6032 vel
875 5986 904 6032 ut
915 5977 941 6031 in
954 5977 1055 6033 Graecis
1068 5993 1115 6033 co-

1169 3507 1318 3576 coctiouem
1351 3521 1519 3591 interpretati
1550 3529 1621 3575 sunt.
1653 3521 1709 3577 liin
1731 3540 1801 3579 vero
1822 3540 1883 3595 quae
1910 3526 1959 3582 clei

1168 3622 1242 3669 certa
1260 3628 1332 3667 rnen
1337 3628 1384 3667 ura
1400 3621 1451 3675 est,
1468 3612 1501 3667 de
1514 3628 1565 3682 qua
1589 3621 1651 3667 ante
1661 3613 1718 3684 jam
1734 3614 1866 3681 diximus,
1888 3631 1959 3671 assa-

1168 3702 1217 3756 mit
1230 3701 1257 3757 iu
1281 3702 1414 3757 saerilieio
1436 3701 1510 3755 vituli
1525 3710 1553 3756 et
1574 3702 1677 3768 arietis,
1702 3711 1730 3755 ut
1750 3705 1902 3761 loraeutunr
1920 3706 1957 3759 lu-

1168 3793 1249 3847 minis
1260 3794 1428 3863 sempiterni,
1451 3802 1478 3847 et
1498 3794 1619 3862 requiem
1633 3794 1735 3849 laboris
1753 3806 1782 3850 et
1796 3796 1959 3852 lassitudinis

1168 3882 1327 3946 sanitatem,
1351 3892 1412 3952 post
1434 3882 1614 3952 placationem
1636 3895 1815 3955 peecatorum
1839 3889 1960 3959 accipere

1168 3967 1315 4042 possimus
1336 3971 1364 4026 lu
1377 3972 1492 4043 septimo
1505 3988 1612 4043 quoqne
1633 3988 1737 4039 mense,
1749 3976 1845 4045 quinta
1860 3977 1959 4031 dierum

1168 4063 1212 4118 die
1225 4064 1336 4129 mensis,
1348 4064 1399 4119 boe
1410 4075 1468 4129 est,
1506 4065 1740 4138 scenopegiarum,
1757 4068 1829 4123 idern
1850 4069 1960 4124 oblatio-

1168 4152 1211 4208 nis
1234 4161 1261 4207 ct
1285 4154 1478 4209 sacrificiorum
1501 4155 1567 4211 ordo
1589 4156 1738 4211 servandus
1757 4169 1811 4223 est,
1838 4169 1894 4216 tam
1916 4173 1960 4227 pro

1168 4252 1291 4313 peccato,
1312 4260 1393 4312 ipram
1403 4260 1452 4314 pro
1471 4244 1637 4311 holocausto,
1653 4256 1681 4301 et
1695 4248 1721 4301 in
1736 4249 1884 4313 sacrificio,
1897 4259 1922 4303 et
1934 4250 1959 4303 iu

1168 4334 1235 4399 oleo,
1251 4344 1279 4389 ιιι
1291 4333 1465 4391 testivitatem
1479 4336 1595 4402 Domini,
1608 4335 1709 4408 sugatis
1721 4340 1847 4394 tenebris
1861 4348 1889 4395 et
1903 4350 1959 4395 orte

1170 4426 1270 4481 lumine
1284 4426 1354 4491 olei,
1371 4441 1587 4495 consequamur,
1599 4428 1786 4499 clarioresque
1814 4431 1958 4487 babeamus

1161 4518 1363 4582 solemnitates,
1381 4517 1516 4588 inquibus
1530 4517 1608 4575 nobis
1624 4520 1716 4573 omma
1727 4530 1845 4588 peecata
1860 4523 1958 4577 donau

1169 4619 1223 4664 tur.

1452 4722 1565 4779 CAPUT
1588 4720 1681 4779 xtlt

1171 4836 1356 4906 Deaocrifieiit
1373 4835 1481 4893 Sublati
1499 4847 1523 4891 et
1547 4835 1713 4900 Neorrrenioe;
1736 4855 1785 4907 per
1794 4856 1861 4909 quus
1875 4848 1957 4909 pertm

1206 4910 1305 4962 irrtrurc
1326 4907 1464 4971 debebant,
1488 4918 1511 4961 ει
1534 4909 1606 4961 coire
1626 4909 1757 4977 puncipea
1784 4920 1808 4962 ct
1822 4910 1913 4989 populi
1926 4909 1957 4961 ad

1207 4977 1335 5032 orandum
1349 4976 1452 5030 bertin:
1466 4978 1499 5031 de
1511 4987 1652 5046 spontaneo
1661 4978 1818 5032 lrolocertsto
1827 4980 1955 5057 principis,

1206 5041 1274 5117 quod
1284 5048 1403 5118 princeps
1417 5048 1586 5116 poaritdorc,
1598 5047 1667 5100 etde
1685 5045 1865 5101 declamatae
1875 5048 1955 5118 coqui

1207 5132 1310 5171 rrurauu

1209 5267 1218 5299 ι
1235 5247 1298 5303 llce
1312 5248 1377 5302 dicit
1389 5246 1517 5303 bourinus
1534 5245 1625 5300 Deus:
1641 5244 1723 5301 Porta
1735 5246 1799 5299 atrii
1814 5244 1951 5308 ulterioris,

1174 5359 1183 5391 ι
1203 5355 1262 5408 qim
1275 5339 1385 5407 respicit
1398 5338 1432 5393 ad
1454 5338 1598 5402 orientem,
1611 5337 1663 5392 erit
1680 5336 1775 5391 clausa
1786 5352 1834 5392 ses
1856 5336 1950 5397 diebus,

1174 5450 1182 5480 ι
1207 5431 1233 5484 in
1251 5429 1348 5499 qrribus
1365 5444 1432 5498 opus
1453 5428 1503 5482 lit:
1520 5428 1562 5484 die
1579 5434 1669 5482 autem
1683 5428 1791 5483 sabbati
1815 5429 1950 5498 aperietur,

1174 5542 1183 5572 ι
1205 5521 1251 5577 sed
1266 5522 1292 5575 iu
1312 5520 1355 5575 die
1369 5519 1547 5575 llalerrdarmn
1562 5519 1709 5590 aperietur,
1723 5527 1753 5572 et
1764 5518 1878 5574 intrabit
1889 5518 1951 5587 pria

1174 5630 1183 5663 ι
1204 5627 1267 5681 ceps
1279 5626 1328 5681 per
1345 5610 1414 5663 riam
1430 5604 1552 5664 vestibuli
1575 5618 1658 5679 porte
1671 5607 1785 5674 deioris,
1800 5617 1828 5664 ct
1841 5607 1949 5664 stabitis

1174 5720 1182 5750 t
1207 5701 1298 5754 limine
1310 5710 1409 5775 portae.
1434 5699 1466 5753 Et
1485 5698 1583 5753 sacient
1602 5696 1758 5752 sacerdotes
1775 5698 1948 5754 holocaustum

1174 5809 1183 5839 ι
1206 5786 1263 5857 ejus
1287 5800 1315 5842 et
1342 5787 1453 5858 pacifica
1480 5788 1548 5857 esitus,
1574 5796 1602 5841 ει
1624 5785 1750 5841 adorabit
1775 5803 1858 5858 super
1882 5787 1949 5841 limet

1173 5902 1182 5932 ι
1205 5890 1299 5950 porte,
1314 5882 1510 5951 etegredietur.
1528 5879 1608 5933 Porta
1629 5886 1720 5934 autem
1736 5894 1792 5934 nou
1819 5879 1949 5936 claudetur

1175 5995 1182 6022 t
1207 5974 1336 6042 usquead
1351 5988 1500 6042 vesperam.
1519 5974 1552 6028 Et
1565 5974 1688 6030 adorabit
1701 5975 1818 6044 popalus
1835 5986 1910 6030 terre
1925 5968 1951 6025 ul
