4500 6842
301 672 356 728 aur

630 665 662 720 B.
683 663 810 721 uitandi
832 662 941 719 llrlb'lll
961 660 1120 717 ,luctuum
1140 656 1296 715 thGUh‘T.
1318 654 1462 713 obaudit
1481 654 1574 712 rans
1591 653 1624 710 ll.

1910 650 1961 708 bis

301 799 414 841 censum
442 780 549 835 duratura
582 778 684 833 anim-is
719 777 863 831 ardeamus
891 773 944 829 l‘er
976 787 1107 842 compun-
1121 781 1145 837 Α
1160 772 1233 826 tibus
1243 771 1376 826 colomam
1388 782 1475 835 crant,
1493 786 1546 825 una
1565 771 1639 833 binc,
1657 777 1685 824 ct
1703 768 1793 824 altera
1815 767 1890 822 inde.
1907 765 1962 821 h'on

301 874 402 930 ctiouis
426 880 516 927 autem
537 869 680 939 lacrymas,
702 867 739 921 nil
769 875 918 926 terrenum,
947 863 984 917 nil
1009 861 1108 916 transi-

304 963 404 1017 tortum
422 973 543 1029 quaerere
566 956 706 1012 debemus.
729 955 810 1010 Solus
825 954 902 1007 nobis
919 954 976 1021 ipse
991 950 1107 1006 sulhciat

302 1052 348 1120 qui
357 1049 421 1104 lecit
433 1048 522 1101 omnia
533 1046 770 1100 :transcendannrs
778 1058 826 1112 per
834 1041 1105 1100 desideriurnomuia,

302 1149 333 1195 ut
344 1147 461 1194 mentem
473 1137 634 1205 colligamus
661 1137 687 1189 in
702 1151 765 1189 uno.
787 1134 844 1189 Non
858 1131 915 1201 jam
935 1133 1032 1187 tirrrore
1045 1144 1106 1200 poe-

302 1246 411 1294 narum,
420 1245 473 1284 non
482 1228 812 1291 memoriavitiorum,scd
821 1225 1035 1280 amorisbamrna
1049 1240 1108 1278 suc·

303 1320 392 1384 censi,
418 1319 561 1373 ardeamus
585 1317 611 1372 in
632 1317 761 1387 lacrymis
780 1331 841 1369 curu
857 1315 941 1369 odore
963 1314 1105 1367 uirtutum.

344 1429 353 1462 r
368 1410 402 1465 Et
420 1409 572 1495 introduxit
588 1423 630 1462 me
645 1409 672 1461 in
685 1406 848 1461 vestibulum
867 1405 971 1474 templi,
987 1414 1015 1457 et
1032 1418 1109 1457 mcu-

306 1518 317 1552 ι
333 1516 380 1554 sus
394 1509 436 1553 cst
451 1498 613 1552 vestibulum
624 1499 743 1566 ‹prirrquc
761 1497 860 1550 cubitis
880 1496 952 1558 hinc,
976 1504 1003 1548 ct
1026 1494 1107 1563 qnin-

307 1608 318 1642 ι
334 1604 386 1660 que
398 1588 498 1644 cubitis
511 1588 581 1641 iude.
595 1587 630 1641 Et
655 1585 823 1640 latitudinem
839 1593 923 1655 porca
934 1584 1014 1638 trium
1033 1582 1108 1638 eubi-

308 1696 318 1730 (
338 1689 427 1735 torum
451 1678 524 1740 hine,
543 1686 571 1731 et
583 1678 664 1731 triunr
686 1678 839 1732 cubitorum
860 1677 931 1731 iude.
947 1674 1108 1745 Lunpitudi-

307 1786 319 1819 c
342 1783 403 1823 nem
413 1778 503 1821 autem
517 1767 641 1822 vestibuli
655 1768 750 1838 viginti
761 1767 926 1831 cubitorum,
938 1765 1108 1821 latitudinem

1158 861 1227 916 dixit
1244 863 1313 926 duae,
1333 876 1367 917 ne
1388 861 1414 915 in
1432 861 1538 915 iliralem
1559 862 1712 917 incurreret
1730 874 1893 921 numerum.
1919 859 1963 913 sed

1157 968 1211 1005 una
1225 961 1253 1007 et
1267 968 1332 1018 una,
1351 953 1397 1022 qui
1418 950 1555 1021 perlectus
1570 960 1612 1005 cst
1635 966 1777 1013 numerus,
1807 958 1837 1003 et
1866 950 1964 1004 unione

1158 1043 1199 1096 sni
1211 1043 1331 1096 imitatur
1350 1043 1444 1097 [ierim.
1464 1041 1518 1096 lllm
1533 1051 1624 1097 autem
1639 1050 1718 1097 crant
1736 1042 1876 1097 columnae
1897 1041 1962 1103 dua,

1158 1134 1309 1202 dequibus
1329 1135 1398 1189 etin
1424 1134 1585 1205 Apocalypsi
1607 1135 1728 1189 dieitur:
1749 1152 1759 1184 r
1783 1133 1836 1201 Qui
1858 1133 1961 1194 uicerit,

1158 1222 1255 1278 larium
1269 1240 1330 1278 eum
1348 1223 1501 1279 columnam
1517 1225 1544 1278 in
1560 1224 1660 1294 templo
1683 1223 1733 1280 Dei
1748 1222 1815 1286 mei,
1845 1231 1875 1275 et
1893 1220 1962 1275 iuras

1157 1327 1211 1366 non
1227 1313 1389 1383 egredictur.
1411 1332 1420 1363 ι
1439 1312 1472 1368 Et
1487 1312 1585 1369 Petrus
1596 1330 1627 1368 ac
1636 1311 1758 1369 loannes
1770 1312 1909 1367 columna
1919 1328 1961 1382 ap-

1158 1401 1293 1471 pellantur
1307 1403 1448 1467 Ecclesia,
1464 1417 1513 1472 per
1533 1419 1602 1474 iquos
1622 1404 1794 1475 ingredimur
1811 1404 1849 1458 ad
1865 1401 1962 1458 &neu

1159 1505 1325 1560 sanctinum,
1341 1504 1370 1550 ct
1383 1511 1499 1565 qnorum
1513 1496 1636 1551 doctrina
1649 1497 1684 1551 ad
1703 1495 1861 1561 Christum,
1874 1505 1962 1551 noster

1159 1585 1289 1639 introitus
1308 1595 1359 1641 cst.
1403 1621 1429 1664 p

1196 1694 1205 1726 ι
1227 1676 1404 1746 Etcolumnm
1416 1684 1496 1732 erant
1515 1677 1542 1732 in
1565 1676 1698 1733 lroutibns
1711 1694 1769 1752 rum
1782 1679 1850 1734 binc
1874 1688 1902 1733 et
1926 1675 1962 1732 al-

1162 1785 1172 1816 ι
1189 1774 1245 1822 tcra
1262 1766 1333 1821 inde.
1350 1786 1360 1818 ι
1375 1766 1414 1822 lle
1426 1767 1524 1836 quibus
1535 1767 1669 1822 columnis
1689 1767 1715 1822 in
1732 1767 1803 1823 libro
1820 1768 1924 1838 Regum
1936 1777 1961 1822 et

308 1860 460 1914 «undecim
486 1859 649 1922 cubiturum,
665 1868 692 1913 et
704 1860 901 1927 octogradttnrs
911 1858 1109 1911 ascendebatur
1158 1856 1383 1926 Paralipomenon
1408 1856 1524 1927 legitur,
1552 1857 1598 1911 ubi
1630 1863 1770 1912 structura
1795 1857 1890 1925 templi
1916 1857 1961 1911 Sa·

309 1950 370 2004 aad
391 1966 461 2005 eam.
479 1968 488 2000 ι
505 1948 641 2020 (hieron.)
655 1947 831 2017 Snpradietus
846 1963 954 2016 quoque
969 1948 1010 2001 rir
1021 1948 1108 2002 iutro·
1159 1944 1300 2001 lomoniaci
1321 1953 1563 2011 commemoretur,
1578 1945 1650 2016 quod
1668 1946 1850 2001 investibulo
1874 1947 1958 2015 templi

305 2040 383 2097 duxit
393 2041 563 2095 Ezechielem
576 2039 603 2093 in
617 2039 778 2094 uestibulum
790 2040 846 2094 sire
862 2041 992 2115 πρόπυλον
1005 2038 1107 2108 templi,
1160 2055 1241 2093 numu
1254 2039 1375 2108 posuerit
1387 2056 1402 2093 a
1416 2039 1528 2104 dextris,
1547 2047 1574 2093 et
1587 2037 1701 2093 alteram
1714 2053 1732 2092 a
1746 2038 1872 2094 sinistris
1885 2038 1959 2105 juxta

305 2131 378 2202 quod
399 2146 507 2185 mensus
524 2139 566 2184 est
586 2130 705 2198 quinque
724 2129 823 2183 cubitis
848 2129 913 2184 hiuc
934 2137 962 2183 et
985 2128 1105 2197 quinque
1121 2124 1143 2183 B
1157 2130 1256 2184 ostium
1279 2130 1382 2199 templi.
1414 2130 1461 2184 llze
1474 2128 1677 2185 suntridclicet
1689 2129 1840 2191 columne,
1857 2128 1958 2198 dequi-

304 2221 404 2277 oubitis
416 2221 486 2283 iude,
499 2221 625 2289 quoniam
638 2221 683 2289 qui
696 2220 925 2286 introductusest,
938 2220 1037 2276 divinis
1050 2237 1108 2275 seu-

305 2312 382 2365 sibus
398 2311 486 2364 lucrat
507 2312 629 2364 eruditus
644 2320 692 2365 :et
718 2326 768 2365 nee
783 2311 907 2365 dextram
923 2320 1038 2365 nouerat
1058 2326 1108 2365 nce

305 2400 454 2463 sinistram,
488 2401 537 2455 sed
564 2402 608 2454 ria
641 2401 715 2472 regia
744 2402 955 2472 ingrediebatur.
981 2401 1109 2458 Latitndo

304 2500 397 2544 autem
410 2489 494 2559 ipsius
507 2501 603 2559 portae,
618 2505 760 2560 perquam
775 2492 902 2545 introitus
924 2501 984 2546 erat
1005 2493 1040 2547 ad
1061 2508 1109 2547 re-

305 2580 434 2636 stibulum
454 2582 555 2651 templi,
567 2581 684 2636 habebat
696 2593 788 2638 toruos
800 2584 907 2638 cubitos
919 2585 982 2639 biuc
994 2592 1021 2639 et
1035 2584 1107 2639 iude.

306 2674 336 2729 lu
352 2690 407 2744 qno
425 2673 573 2745 Scriptura
587 2686 689 2730 sanetae
699 2676 867 2732 obseruanda
880 2677 1026 2749 elegantia,
1037 2678 1109 2748 quod

307 2779 361 2819 riou
387 2765 489 2819 dixerit
507 2780 523 2818 a
546 2765 640 2819 dextra
663 2775 692 2819 et
712 2766 824 2822 sinistra
838 2785 845 2821 τ
860 2783 895 2823 ne
918 2768 1059 2824 rideretur
1081 2770 1108 2823 in

306 2853 411 2908 satietis
430 2861 587 2907 sauctorum
606 2854 747 2909 sinistrum
767 2856 868 2925 aliquid
892 2858 1045 2923 nourinare,
1061 2860 1109 2914 scd

309 2945 374 2999 hine
392 2953 420 2998 et
435 2945 509 3010 inde,
538 2945 564 2999 id
585 2954 638 3010 est,
659 2962 692 3002 ex
708 2956 823 3017 utraque
839 2959 926 3018 parte.
955 2950 1109 3021 Statimque

307 3035 426 3106 prudens
438 3035 523 3090 lector
538 3036 675 3105 intelligit,
693 3038 793 3092 trinum
807 3054 950 3095 numerum
968 3041 1003 3096 ad
1017 3041 1107 3095 'l'rini-

306 3127 373 3180 tatis
387 3127 546 3195 mysterium
564 3129 712 3196 pertinere.
730 3143 790 3197 quae
806 3139 885 3199 porta
899 3140 941 3187 cst
954 3132 1108 3202 ingredien-

307 3215 374 3269 tium
389 3216 423 3269 ad
441 3214 524 3269 bruni
539 3233 545 3268 :
559 3216 622 3270 durn
640 3225 669 3270 et
683 3216 765 3271 Pater
784 3218 812 3271 in
826 3218 895 3273 Filio
912 3228 965 3284 est,
981 3229 1008 3274 et
1024 3219 1108 3275 Filius

306 3307 336 3362 in
350 3307 440 3369 Patre,
454 3317 482 3361 et
507 3308 532 3361 in
549 3315 664 3376 utroque
682 3306 801 3377 Spiritus
816 3317 927 3364 sanctus
940 3328 946 3363 :
959 3312 1004 3380 qui
1021 3313 1108 3365 trinus

306 3413 435 3453 numerus
456 3414 507 3452 una
527 3408 604 3469 porta
618 3409 660 3454 cst
676 3416 781 3464 eornm,
796 3401 843 3470 qui
863 3412 925 3472 post
939 3401 1106 3472 baptismum

1161 2220 1211 2275 bus
1223 2219 1323 2274 Paulus
1337 2216 1455 2291 nitidat.
1469 2220 1498 2281 ni
1513 2238 1520 2273 :
1540 2238 1549 2270 ι
1564 2217 1691 2283 lacobus,
1709 2221 1831 2291 Cepbas,
1844 2232 1872 2276 et
1884 2219 1959 2276 loen·

1161 2325 1227 2374 ucs,
1253 2309 1300 2379 qui
1327 2311 1487 2364 ridebantur
1512 2309 1644 2366 columnae
1668 2325 1749 2375 esse,
1777 2312 1892 2367 dextras
1919 2312 1960 2366 dc·

1160 2400 1258 2455 derunt
1275 2400 1341 2455 mibi
1355 2410 1383 2456 et
1396 2400 1526 2456 llaruabae
1546 2400 1694 2465 societatis,
1710 2410 1741 2455 ut
1756 2417 1806 2457 uos
1827 2403 1856 2458 in
1878 2412 1959 2470 genu·

1160 2494 1222 2559 bus,
1237 2492 1382 2547 illlautem
1407 2493 1433 2548 in
1459 2492 1702 2548 circumcisione.»
1730 2491 1839 2560 Quibus
1864 2493 1956 2555 vernis.

1160 2585 1239 2656 quasi
1249 2600 1386 2655 exponere
1395 2586 1500 2642 ridetur
1522 2585 1682 2657 mysterium
1695 2586 1892 2641 columnarum
1907 2602 1956 2641 rna·

1161 2676 1297 2733 terialinm
1311 2692 1318 2741 ;
1331 2684 1358 2731 et
1375 2676 1440 2746 quid
1462 2676 1589 2732 uidelicet
1611 2676 1802 2747 figuraverint,
1823 2687 1854 2733 ct
1878 2693 1957 2743 qnare

1160 2768 1220 2822 duae
1238 2766 1293 2822 sint
1306 2765 1393 2822 lacte.
1408 2766 1553 2836 apostotus
1566 2782 1681 2837 namque
1695 2781 1724 2821 et
1739 2769 1871 2824 <tinctores
1880 2784 1958 2823 cunr-

1161 2857 1179 2910 ti
1205 2856 1341 2926 spiritales
1352 2856 1519 2928 significant:
1544 2858 1632 2913 lortes
1652 2856 1782 2912 nimirum
1801 2858 1855 2914 une
1880 2868 1957 2928 atquc

1159 2961 1241 3017 opere
1264 2957 1292 3003 et
1307 2947 1534 3017 contemplatione
1552 2949 1586 3002 ad
1612 2962 1731 3017 superna
1758 2951 1874 3004 electos.
1899 2952 1958 3004 buae

1160 3046 1224 3094 snnt
1238 3048 1341 3102 autem,
1364 3046 1395 3092 ut
1419 3047 1447 3093 et
1465 3047 1570 3107 pentes,
1591 3048 1618 3094 et
1631 3040 1873 3095 circumcisionem
1893 3055 1958 3109 prze-

1159 3129 1274 3183 dieando
1296 3128 1322 3182 iu
1337 3127 1486 3183 Ecclesiam
1509 3128 1691 3184 introducant.
1709 3128 1827 3184 Stabant
1856 3131 1882 3184 in
1896 3145 1957 3198 por·

1159 3220 1215 3275 ticu
1229 3229 1293 3274 ante
1311 3218 1384 3274 iores
1407 3218 1510 3289 templi,
1530 3231 1559 3274 et
1583 3220 1737 3290 ingressum
1758 3222 1834 3275 illius
1851 3237 1900 3276 stro
1911 3222 1957 3276 de-

1158 3323 1223 3364 core
1241 3324 1274 3363 ac
1296 3308 1498 3378 pulchritudine
1515 3321 1677 3380 cannaque
1696 3320 1777 3380 parte
1801 3312 1958 3366 mirabibter

1159 3400 1302 3455 ornabant.
1314 3398 1419 3454 Ostium
1433 3408 1523 3455 autem
1540 3402 1632 3470 ternpll
1645 3401 1779 3456 lloruinus
1791 3413 1837 3457 est
1851 3423 1857 3455 :
1876 3403 1955 3473 aquia

304 3487 456 3554 Trinitatis,
472 3491 631 3559 perueniunt
648 3492 682 3545 ud
697 3492 822 3546 saltuem.
1120 3477 1143 3539 C
1159 3504 1240 3544 nemo
1257 3490 1331 3544 venit
1343 3491 1378 3544 ad
1393 3488 1510 3553 Patrem,
1528 3492 1579 3546 nisi
1593 3508 1642 3562 per
1655 3492 1744 3561 ipsum
1755 3493 1852 3563 (locri.
1869 3510 1953 3563 arry·

342 3580 419 3647 Quod
431 3592 522 3635 autern
547 3581 670 3650 seqnitur
686 3601 695 3631 ι
716 3582 854 3649 longitudo
877 3582 1002 3637 uestibuli
1017 3582 1104 3653 rigin-
1159 3583 1194 3637 Et
1219 3584 1289 3638 sieut
1313 3583 1375 3638 alibi
1401 3584 1488 3639 dicit:
1506 3602 1515 3634 ι
1530 3584 1586 3653 Ego
1599 3599 1659 3640 sum
1673 3583 1791 3649 ostium,
1809 3600 1860 3654 per
1879 3586 1956 3640 mesi

306 3674 328 3729 ti
346 3673 522 3738 cubitorum,
545 3682 571 3728 et
598 3673 712 3729 latitudo
741 3675 865 3730 undecim
893 3675 1065 3739 cubitorum,
1093 3694 1102 3725 ι
1158 3673 1220 3744 quis
1246 3674 1391 3734 introierit.
1417 3674 1671 3746 salvabiturllonn.
1699 3681 1741 3745 x).
1758 3696 1768 3728 ι
1786 3676 1866 3742 Quod
1885 3678 1954 3729 ride·

304 3769 414 3823 uidetur
434 3767 524 3822 lairere
555 3769 757 3838 quaestionem,
782 3769 917 3838 quomodo
946 3767 1033 3823 dualis
1051 3783 1102 3821 nu-
1157 3762 1956 3835 licetcolumrneabutroquelaterccoranrpositaecircunr·

305 3873 417 3920 merus,
449 3858 493 3927 qui
526 3858 643 3912 retertur
671 3860 706 3914 nd
730 3860 797 3912 dnas
828 3858 964 3922 decadas,
989 3866 1017 3912 et
1056 3873 1105 3911 nn·
1156 3861 1239 3918 stant,
1250 3867 1312 3906 cnm
1327 3852 1444 3908 ministri
1463 3853 1597 3909 sermonis
1610 3854 1720 3922 utrique
1745 3856 1848 3924 populo
1868 3856 1954 3909 introi·

307 3951 440 4015 decinrm,
460 3952 506 4019 qui
530 3967 584 4006 uno
605 3953 707 4022 indiget
727 3960 756 4005 ut
774 3966 882 4007 sacrum
897 3966 1039 4006 numerum
1059 3966 1105 4006 ex·
1158 3954 1213 4002 turn
1229 3946 1302 4016 regni
1328 3944 1448 4000 ccelesiis
1461 3945 1623 4001 ostendant:
1637 3954 1666 3999 ot
1680 3946 1741 4001 sire
1762 3947 1857 4003 alnce
1870 3950 1952 4003 scien·

306 4037 377 4109 pleat
391 4038 578 4093 duodecimum
598 4042 624 4095 iu
646 4040 781 4096 vestibulo
802 4040 894 4111 templi
907 4056 967 4096 esse
978 4040 1101 4096 rlicatur:
1156 4036 1200 4091 tie
1224 4035 1317 4105 legalis
1340 4036 1465 4106 quisquc,
1495 4052 1542 4091 scu
1563 4052 1597 4091 eu
1624 4038 1716 4105 rigore
1742 4039 1906 4107 genrilicrtis
1923 4036 1952 4090 ad

305 4130 384 4196 Quod
398 4128 522 4199 plerique
535 4132 574 4185 sie
592 4133 709 4186 solvunt.
732 4132 861 4199 Qnmnds
880 4131 967 4186 sancti
983 4131 1039 4185 siut
1060 4145 1103 4184 sa-
1155 4127 1236 4182 lldcm
1248 4127 1385 4197 Erarrgelii
1398 4128 1513 4191 acuerit,
1528 4127 1628 4182 habeat
1644 4140 1760 4198 paratos
1772 4143 1835 4189 eos,
1849 4129 1893 4198 qui
1907 4127 1950 4182 sibi

303 4220 439 4283 oerrlotcs,
451 4228 478 4273 et
490 4221 515 4272 in
529 4222 618 4289 ternpli
635 4222 792 4277 ministeriis
804 4220 937 4286 collocati,
947 4229 974 4276 et
984 4220 1105 4289 qnotidie
1155 4220 1208 4275 iter
1234 4219 1330 4273 salutis
1342 4227 1370 4273 et
1384 4219 1466 4273 rcrbo
1489 4219 1676 4273 ilernonstreuc
1703 4229 1733 4273 et
1747 4223 1882 4289 exemplo.
1909 4217 1949 4272 l'rl

305 4313 431 4365 uictimas
445 4311 562 4365 oderant
581 4313 700 4378 Christo,
718 4325 807 4370 tamen
825 4317 888 4385 quio
909 4316 935 4369 in
959 4315 1010 4369 boc
1032 4329 1105 4369 mor·
1154 4320 1240 4373 certe,
1256 4310 1319 4378 qiua
1333 4310 1366 4364 de
1386 4310 1480 4365 iisdem
1490 4310 1625 4366 calumnis
1640 4310 1711 4365 libro
1731 4312 1949 4379 Paralipomenon

307 4400 355 4453 tali
375 4399 518 4469 fragilique
544 4403 713 4469 corpusculo,
735 4415 763 4459 et
777 4405 998 4474 aegrotationibus
1019 4406 1104 4460 vitiis-
1155 4401 1193 4455 ita
1217 4400 1348 4467 scriptum
1377 4408 1441 4454 est:
1466 4418 1476 4449 ι
1498 4399 1626 4469 ipsasque
1649 4398 1795 4454 columnas
1816 4400 1902 4469 posuit
1924 4399 1948 4450 in

303 4504 359 4558 que
389 4488 510 4556 subjecto
542 4501 764 4558 commorantur,
798 4495 963 4548 vicenarium
1005 4496 1105 4550 habent
1154 4488 1298 4552 vestibula
1322 4489 1590 4545 udfflntttlellrlsel
1606 4488 1724 4543 alienu!
1744 4490 1893 4545 &sinistris
1908 4486 1946 4557 (Η

307 4592 496 4648 nnmerum,et
507 4583 690 4637 undecimum.
707 4582 783 4637 Unde
808 4584 913 4637 dicebat
940 4591 968 4638 et
987 4584 1102 4652 tposro-
1155 4581 1221 4635 Por.
1237 4578 1290 4649 ιιι).
1310 4599 1319 4631 ι
1341 4579 1404 4634 ldeo
1417 4588 1479 4634 sunt
1492 4581 1551 4635 dua
1564 4580 1643 4635 lactae
1657 4580 1805 4646 columuae,
1819 4591 1898 4651 arque
1914 4579 1947 4634 ita

305 4667 348 4722 lus
367 4686 374 4721 z
395 4688 404 4720 ι
425 4668 507 4723 lliser
523 4685 573 4741 ego
586 4670 676 4736 horno,
696 4673 758 4742 quis
778 4687 820 4727 rue
843 4672 969 4727 liberabit
987 4674 1021 4727 de
1041 4689 1101 4728 cnr·
1155 4672 1303 4741 disposita,
1317 4680 1346 4725 ut
1358 4671 1436 4726 nobis
1447 4680 1475 4727 et
1488 4671 1515 4725 in
1528 4670 1665 4741 prosperis
1679 4680 1709 4726 et
1723 4673 1754 4728 in
1773 4672 1896 4727 alrersis
1909 4671 1946 4724 ia-

304 4760 566 4832 porernortislnq'us
577 4760 730 4832 (horreant.
747 4781 756 4813 ι
771 4761 828 4815 lion
839 4762 995 4832 quodjuxta
1011 4764 1102 4817 saris·
1156 4777 1279 4833 gressum
1295 4762 1392 4830 patriar
1407 4761 1535 4825 coelestis,
1550 4771 1613 4817 ante
1628 4760 1838 4818 oculosmeutis
1856 4762 1945 4817 babin-

306 4850 404 4903 simarn
419 4850 542 4904 heresim
554 4851 686 4905 almlenda
696 4866 877 4921 corporaesse
887 4854 1043 4917 credamus,
1055 4852 1101 4908 sed
1118 4829 1142 4888 D
1155 4853 1219 4907 dum
1230 4869 1292 4909 esse
1305 4854 1431 4909 doceant.

305 4942 381 5010 quod
401 4945 458 4997 uoti
481 4944 567 4998 nostri
590 4945 626 4999 sit
650 4947 837 5016 supervestiri,
855 4963 908 5002 troo
934 4948 1054 5019 spoliari,
1074 4958 1101 5002 et
1191 4948 1339 5019 (brunus.)
1364 4949 1427 5005 llac
1451 4964 1559 5019 qunque
1584 4949 1677 5005 sobrio
1706 4950 1805 5005 lectori
1833 4949 1943 5005 sulficere

306 5033 422 5087 nrorrale
448 5034 499 5089 bue
523 5037 647 5106 accipere
671 5039 921 5101 immortalitatem,
944 5050 973 5094 et
1002 5056 1100 5097 eorru·
1153 5040 1297 5104 credimus,
1311 5055 1371 5109 qnae
1383 5039 1462 5108 juxta
1485 5039 1619 5108 majorum
1643 5040 1808 5094 docrrnrenta
1823 5040 1857 5094 de
1877 5052 1941 5092 crar-

304 5122 410 5191 ptirum
424 5124 535 5179 induere
548 5128 787 5198 incorruptionem.
801 5129 835 5182 Et
849 5138 910 5184 octo
919 5130 1047 5201 gradibus
1058 5146 1101 5183 as·
1155 5147 1218 5185 sura
1232 5132 1339 5187 ratione
1357 5132 1459 5201 templi,
1472 5139 1499 5186 et
1518 5131 1652 5192 uestibuli,
1668 5138 1696 5186 et
1707 5139 1881 5192 ceterorum,
1891 5140 1941 5196 qut

304 5212 472 5268 condebatur
490 5216 523 5269 ad
541 5230 612 5271 earn.
635 5215 703 5272 Octo
715 5219 772 5272 sire
790 5219 883 5273 decem
903 5219 1032 5289 gradibus
1054 5222 1099 5288 qui
1155 5219 1192 5274 ibi
1204 5220 1338 5289 descripta
1354 5228 1427 5285 sunt,
1441 5234 1491 5274 nos
1509 5219 1636 5274 diximus.
1652 5218 1731 5274 Nunc
1747 5216 1940 5289 quomodoips

304 5301 490 5369 periecurscst
501 5318 640 5370 uumerus,
650 5308 840 5371 autundecim,
853 5307 887 5362 de
897 5323 951 5377 quo
960 5309 1017 5378 jam
1031 5309 1100 5364 diri·
1153 5310 1283 5380 propbeta
1292 5310 1462 5365 introductus
1473 5310 1508 5366 sit
1522 5310 1550 5365 iu
1563 5310 1706 5380 templum,
1722 5310 1830 5382 etquid
1844 5309 1879 5365 ibi
1888 5319 1939 5379 st*

305 5403 379 5445 aruc.
395 5393 549 5446 ascenditur
558 5394 591 5448 ad
603 5403 708 5463 portam
720 5404 886 5453 sanctorum.
895 5395 923 5451 lu
937 5398 1014 5470 cujus
1027 5397 1100 5455 iron—
1153 5399 1232 5465 serit,
1247 5414 1382 5470 exponere
1396 5400 1562 5456 curabimus.
