4500 6842
241 600 297 660 289

820 596 972 654 llOlllldAE
994 595 1026 651 ΙΝ
1045 596 1171 653 HANG.
1194 600 1236 654 ET
1252 598 1361 657 emsa.

1839 609 1892 667 sto

242 711 393 767 tradantur
413 707 447 761 ad
474 708 587 778 nuptias.
612 706 679 761 Cum
705 706 833 761 Dominus
853 708 939 773 dieat,
961 705 1044 761 nolite
1059 710 1083 768 Α
1097 707 1160 762 inde
1182 711 1304 778 prolerre
1317 711 1472 765 testimonia
1495 726 1610 781 quorum
1627 714 1816 772 auctoritatem
1835 735 1889 777 reon

243 806 312 860 dare
337 811 462 858 sanetum
485 802 609 866 canibus,
634 817 721 872 neque
745 802 859 857 mittatls
882 802 1044 874 margaritas

244 908 354 955 rostras
377 902 440 951 ante
457 910 566 965 porcos,
582 896 653 964 quod
671 897 727 965 ipse
740 896 862 965 qoaedam
878 895 919 951 vel
944 895 988 952 bic
1011 895 1045 950 de

242 990 330 1061 gloria
349 986 567 1049 resurrectionis,
582 986 623 1040 vel
640 986 703 1040 alibi
719 987 751 1041 de
766 986 985 1057 dispensationis,
997 994 1044 1039 aut

243 1082 328 1136 etiam
342 1077 492 1134 divinitatis
508 1092 563 1131 suae
576 1077 707 1149 mysterio
717 1077 819 1131 dixisse
832 1077 969 1131 invenitur
984 1092 1044 1145 quae

243 1170 322 1226 multi
335 1170 383 1241 qni
398 1165 559 1223 addiderant
573 1166 614 1221 rcl
628 1166 779 1221 resistendo
791 1166 833 1219 vel
846 1164 1044 1220 eorrtemnendo

244 1280 297 1318 non
319 1266 500 1331 acceperunt,
522 1274 574 1312 non
590 1259 724 1326 putandus
739 1265 781 1312 cst
802 1265 923 1312 sanctum
938 1257 1043 1311 dedisse

245 1352 368 1416 canibus,
393 1357 441 1404 aut
462 1349 624 1419 margaritas
640 1348 746 1403 misisse
771 1354 834 1401 ante
853 1362 960 1416 porcos.
983 1345 1040 1400 Non

246 1443 314 1497 enim
327 1442 369 1497 eis
383 1441 457 1496 dedit
478 1439 525 1507 qni
539 1454 636 1508 capere
652 1453 704 1493 non
729 1445 863 1507 poteraut,
880 1436 926 1491 sed
941 1436 981 1489 cis
996 1435 1041 1504 qui

247 1545 412 1605 pertemptet
436 1536 515 1592 simul
544 1534 674 1596 aderant,
698 1545 766 1599 quos
790 1537 910 1599 propter·
926 1528 1039 1583 aliorum

248 1626 443 1681 imnumditiam
455 1624 551 1696 negligi
566 1639 618 1677 tion
633 1623 784 1692 oportebat,
799 1628 898 1675 etcum
909 1636 969 1674 eom
984 1629 1042 1673 tcu-

249 1726 346 1771 mtores
372 1717 592 1787 interrogabaut,
618 1712 852 1783 respondebatque
875 1711 926 1767 illis
941 1712 994 1774 ita,
1011 1718 1041 1763 nt

249 1808 305 1876 qnid
321 1806 541 1862 contradicerent
562 1803 705 1865 baberent,
718 1803 843 1871 quamvis
859 1802 970 1857 venenis
983 1801 1040 1856 suis

1097 803 1300 870 sequebantur:
1314 818 1396 872 prorro
1409 804 1443 858 ad
1457 806 1635 859 eternitatem
1648 806 1800 861 animamur
1825 823 1891 877 pro·

1096 893 1212 946 bandam
1227 895 1259 948 dc
1282 894 1364 965 Moysi
1384 896 1460 965 ponit
1480 897 1633 966 exemplum
1648 917 1654 950 :
1669 897 1724 968 Ego
1745 916 1804 953 som
1819 900 1892 955 deus

1096 983 1245 1048 dimdium,
1259 993 1282 1036 ct
1301 983 1371 1037 lleus
1394 983 1481 1048 lsoac,
1496 997 1519 1039 et
1541 986 1612 1040 Deos
1635 987 1728 1040 Jacob.
1752 987 1785 1043 Et
1799 993 1890 1045 statim

1097 1073 1196 1127 iniert:

1133 1165 1202 1219 boa
1218 1176 1303 1219 antem
1318 1182 1369 1219 amr
1385 1177 1422 1219 est
1439 1177 1613 1231 mortuorum,
1627 1170 1673 1223 scd
1686 1172 1837 1225 vinealium.
1856 1174 1891 1228 tn

1095 1256 1284 1323 comprobaret
1299 1257 1404 1310 animas
1419 1272 1576 1326 permanere
1590 1268 1650 1326 post
1677 1269 1803 1325 mortem,
1818 1265 1890 1330 qnod

1096 1342 1133 1396 illl
1156 1344 1225 1397 inter
1239 1351 1336 1398 caetera
1352 1346 1501 1415 negabant,
1517 1361 1602 1415 neque
1617 1357 1722 1416 poterat
1734 1350 1806 1402 euim
1820 1350 1888 1409 lieri.

1095 1440 1125 1485 ut
1136 1447 1229 1485 corum
1250 1441 1324 1487 esset
1340 1417 1427 1497 betis,
1444 1436 1489 1502 qui
1513 1449 1684 1504 ttequaqnam
1699 1437 1889 1499 subsisterent,

1095 1534 1293 1591 consequenter
1314 1523 1530 1578 introduceretur
1549 1534 1576 1578 et
1599 1541 1743 1595 corporum
1767 1543 1889 1582 rusurre-

1094 1616 1159 1681 ctio,
1177 1632 1236 1685 qun
1254 1632 1315 1671 curn
1341 1618 1485 1671 animabus
1507 1619 1578 1672 bona
1604 1620 1707 1673 rralare
1731 1631 1888 1690 gesserunt,

1094 1724 1183 1761 antaee
1205 1709 1271 1761 enim
1288 1710 1376 1762 ciram
1399 1710 1439 1773 ei,
1461 1725 1556 1763 omnes
1570 1710 1694 1765 videlicet
1712 1711 1747 1764 illi
1773 1728 1889 1780 equorum

1093 1797 1223 1852 Dominus
1240 1806 1282 1853 cst
1302 1798 1373 1853 Dens
1388 1800 1481 1853 rirunt
1504 1801 1540 1863 ei,
1564 1800 1617 1853 vita
1642 1801 1734 1869 utiquc
1756 1816 1819 1856 vera
1834 1818 1887 1871 qua

250 1898 466 1952 mutabescercnt
480 1897 664 1966 potiusquam
682 1893 826 1949 illiuscibo
840 1900 1037 1956 saturarentur,
1089 1891 1155 1959 justi
1179 1892 1281 1955 visunt,
1307 1892 1388 1945 etiam
1411 1892 1520 1960 quando
1539 1906 1652 1962 corpore
1674 1893 1890 1947 moriuntur.1)c

252 1988 285 2041 alii
300 1997 393 2042 tamen
416 1988 460 2057 qui
475 1994 602 2057 poterant
615 1999 711 2055 capere
725 1998 760 2039 ex
774 1983 880 2040 illorum
895 1985 1039 2040 occasione
1093 1999 1146 2052 qna
1159 1983 1221 2037 alibi
1238 1985 1367 2038 Doudnus
1380 1986 1427 2049 ait,
1442 1982 1494 2049 Qui
1509 1984 1589 2037 eredit
1604 1985 1631 2038 io
1645 2002 1685 2039 me
1704 1984 1808 2039 etiermsi
1820 2000 1890 2041 eaor.

252 2081 324 2135 audta
338 2081 443 2136 utiliter
454 2080 609 2135 audiebant.
1053 2066 1151 2129 Brasos
1175 2075 1270 2145 luerit,
1291 2075 1367 2128 siret.
1380 2076 1467 2129 Crede
1490 2090 1565 2145 crgo,
1587 2074 1637 2128 etsi
1660 2085 1784 2130 mortuos
1805 2075 1889 2129 lucris

277 2170 322 2224 illi
339 2180 429 2225 ostem
450 2171 494 2242 qui
508 2169 581 2240 digni
600 2169 764 2224 deiciuntur
778 2169 874 2224 seculo
890 2168 936 2224 illo
956 2179 979 2223 et
1000 2186 1039 2224 re·
1090 2168 1178 2231 vlrcs;
1194 2165 1216 2220 si
1232 2173 1320 2220 autem
1335 2181 1388 2220 non
1400 2165 1499 2227 credie,
1511 2175 1611 2219 etcum
1624 2166 1692 2219 rivis
1705 2176 1828 2219 ntortuus
1841 2181 1886 2220 es:

252 2265 405 2317 suffectione
428 2280 461 2317 ea
477 2264 598 2328 mortuis,
614 2279 694 2333 neque
718 2261 818 2316 nubunt
841 2278 922 2332 neque
939 2262 1037 2315 diseunt
1089 2258 1169 2311 vidua
1181 2259 1252 2311 enim
1265 2272 1325 2326 quae
1336 2257 1363 2310 in
1378 2256 1480 2311 deliciis
1495 2256 1572 2321 sirit,
1583 2265 1689 2310 traortua
1701 2265 1753 2311 est.
1772 2257 1887 2326 llespon-

250 2372 344 2410 osores.
361 2353 420 2410 Non
440 2354 476 2408 ita
495 2350 695 2424 intelligendum
710 2359 766 2417 est,
789 2339 865 2421 quasi
889 2352 961 2423 digni
981 2362 1038 2405 tan·
1088 2354 1177 2407 dentes
1191 2362 1277 2405 eutem
1288 2352 1396 2423 quidum
1408 2352 1554 2405 scribarum
1562 2352 1716 2406 direruotei
1730 2351 1886 2422 :Herpisteta

250 2455 296 2502 mm
311 2446 353 2502 rel
368 2448 549 2502 resurrecturi
564 2445 605 2500 vel
622 2446 681 2500 sinc
697 2446 798 2515 nuptiis
812 2444 895 2499 loturi
911 2445 976 2510 sint,
998 2447 1039 2500 in·
1089 2444 1262 2497 benedixisti.
1277 2441 1311 2496 m
1324 2442 1436 2513 amplius
1448 2459 1499 2496 aare
1511 2443 1642 2496 andebam
1654 2459 1712 2495 erem
1725 2443 1889 2512 interrepere

246 2524 311 2608 digni
331 2546 440 2602 antem,
463 2536 553 2597 idest,
569 2545 738 2605 peccatores,
756 2536 798 2590 vel
821 2536 932 2590 minime
948 2550 1039 2591 resur·
1087 2536 1241 2606 quidquam.
1254 2535 1393 2606 Principes
1406 2536 1576 2591 sacerdotum
1592 2534 1734 2590 Sadducaei
1749 2544 1775 2589 et
1790 2536 1887 2591 scribe

243 2630 350 2693 recturi,
364 2628 408 2683 rel
428 2628 463 2682 ad
486 2627 595 2696 nuptias
617 2627 795 2681 resurrecturi
818 2627 872 2680 sint
888 2626 1036 2680 credendi:
1087 2637 1241 2698 querentes
1253 2629 1426 2683 occasionem
1442 2628 1584 2683 calumniae
1603 2639 1631 2683 et
1643 2629 1754 2683 verbum
1777 2628 1886 2697 aliquod

240 2723 338 2776 sedita
359 2721 451 2792 potius
471 2720 639 2775 sentiendum
664 2718 736 2788 quod
751 2734 846 2773 ontnes
869 2727 896 2771 et
914 2732 1036 2772 resuere·
1088 2722 1210 2776 invenire
1233 2723 1304 2791 qood
1327 2728 1433 2790 pateret
1447 2720 1574 2775 insidiis:
1595 2721 1657 2789 quia
1673 2721 1700 2774 in
1715 2721 1886 2775 sermonibus

236 2814 319 2876 esuri,
334 2822 361 2867 et
375 2813 478 2882 absque
488 2812 591 2882 nuptiis
611 2812 666 2866 sint
681 2811 707 2865 in
723 2810 822 2866 seculo
844 2810 891 2865 illo
905 2811 1035 2873 mansuri,
1088 2814 1218 2869 consumti
1231 2821 1302 2878 suut,
1316 2813 1385 2866 ultra
1398 2827 1450 2867 non
1465 2813 1642 2882 interrogant,
1656 2812 1886 2881 scdapertissime

235 2900 370 2959 Dtttttlnus
384 2911 474 2957 aulem
497 2900 842 2973 Salta101·ulatl310tlam
861 2902 1037 2955 resurrectio
1087 2909 1312 2978 comprebensum
1328 2906 1458 2961 Romana·
1483 2908 1597 2959 tradunt.
1613 2908 1750 2975 potestati,
1774 2922 1807 2960 ea
1832 2921 1886 2975 quo

231 2993 281 3049 nis
303 2994 410 3047 animos
431 2993 562 3047 excitaret
592 2991 846 3062 inquirendam,de
873 2991 967 3046 electis
991 3007 1036 3046 so-
1087 2997 1261 3065 intelligimus
1272 3013 1377 3052 verrens
1392 2996 1499 3051 iut'idiae
1512 3011 1591 3066 posse
1613 2997 1721 3066 quidem
1745 2997 1885 3066 superari,

229 3080 377 3140 ltrmmodo
391 3084 477 3139 rolrrit
493 3085 584 3140 iacere
601 3100 764 3139 sermonem.
786 3081 813 3137 Si
832 3093 923 3137 autem
941 3083 967 3136 in
993 3097 1037 3137 re·
1087 3088 1134 3142 sed
1149 3087 1256 3142 dillicile
1267 3086 1470 3157 conquiescere.
1484 3085 1560 3140 Unde
1573 3086 1703 3156 scriptum
1718 3094 1771 3147 est,
1784 3102 1831 3155 per
1845 3087 1884 3139 in·

225 3179 408 3232 surrectione
420 3192 508 3247 neque
523 3177 628 3231 nubunt
646 3191 733 3245 nctpre
748 3176 849 3230 ducunt
862 3190 972 3240 urmes,
996 3190 1037 3229 re-
1087 3179 1183 3234 oidiam
1198 3178 1296 3231 diaboli
1308 3194 1378 3231 mors
1393 3177 1508 3231 introivit
1521 3178 1549 3230 ia
1564 3177 1652 3230 erdem
1666 3187 1812 3230 terrarum:
1826 3177 1885 3230 imi-

226 3276 353 3338 surgtrnt
365 3283 429 3338 ergo
443 3282 567 3337 corpora,
582 3282 642 3338 quae
663 3275 776 3337 possunt
791 3274 819 3321 ct
842 3266 945 3321 nubere
967 3282 1036 3321 uxo·
1088 3278 1181 3326 tantur
1195 3277 1285 3323 autem
1305 3283 1378 3333 euni,
1391 3270 1437 3339 qui
1457 3276 1521 3323 sunt
1534 3282 1567 3322 er
1585 3275 1661 3337 partc
1676 3266 1746 3336 ejus,
1761 3283 1809 3337 per
1822 3268 1884 3321 clia·

228 3371 301 3417 res:
319 3360 372 3415 bac
391 3368 434 3416 est
455 3358 618 3414 leminarum
632 3367 660 3413 et
681 3358 801 3413 virorum
824 3358 905 3413 ccrtis
917 3358 1033 3413 discreta
1086 3361 1195 3415 ritatem
1213 3375 1277 3431 crgo
1293 3368 1320 3414 et
1334 3358 1549 3413 miscricordiam
1567 3357 1716 3412 conditoris
1730 3357 1814 3411 nostri
1829 3355 1884 3410 col-

228 3454 360 3509 membra
371 3453 514 3523 speciebus
527 3471 534 3506 ι
549 3450 596 3508 sed
608 3450 680 3505 nulla
693 3450 887 3507 concumbendi
897 3450 1034 3522 voluptate
1048 3411 1072 3473 C
1086 3453 1141 3507 lata
1155 3461 1196 3508 est
1214 3452 1291 3507 nobis
1310 3451 1383 3506 salos
1406 3459 1506 3505 aeterna
1522 3459 1549 3504 et
1573 3449 1627 3503 rita
1649 3460 1788 3519 perpetua,
1807 3446 1885 3515 ctrjus

232 3544 280 3599 vel
293 3546 458 3602 necessitate
478 3545 641 3615 mancipata.
658 3543 742 3599 Nemo
759 3544 858 3615 quippe
873 3544 937 3598 dicit
950 3545 982 3599 de
998 3543 1034 3597 la·
1086 3545 1222 3600 mandatis
1234 3543 1258 3599 si
1274 3543 1327 3598 rite
1346 3543 1529 3597 obedierimus
1542 3550 1670 3595 aetertiam
1685 3540 1767 3594 vitam
1783 3540 1811 3594 in
1825 3553 1882 3593 eae-

234 3633 298 3699 bide
308 3643 336 3689 et
350 3633 448 3690 arbore
461 3641 489 3689 et
504 3633 547 3688 bis
559 3634 641 3689 rebus
653 3649 714 3702 quae
726 3649 777 3689 non
796 3633 897 3688 babent
911 3634 1033 3688 membra
1085 3634 1146 3690 lesti
1171 3647 1254 3704 regno
1276 3632 1458 3703 percipiemus
1480 3639 1626 3701 prestante
1653 3630 1766 3684 Doudtm
1789 3637 1883 3685 nostro

241 3727 375 3794 genitalia,
390 3726 461 3797 quod
484 3741 538 3781 non
561 3725 665 3780 nuliam
685 3740 773 3795 neque
796 3723 896 3780 ducant
912 3740 1032 3779 uxores:
1084 3722 1148 3779 lesu
1162 3722 1281 3788 Christe,
1294 3723 1341 3793 qui
1355 3722 1422 3777 ririt
1434 3730 1462 3777 et
1475 3732 1571 3791 regnat
1592 3737 1653 3776 cnm
1676 3720 1757 3775 Patre
1779 3721 1806 3774 in
1820 3721 1881 3775 uni-

244 3817 287 3871 set
299 3818 331 3873 de
346 3818 390 3873 bis
401 3817 446 3887 qui
459 3832 521 3873 curn
543 3817 649 3887 possint
663 3817 775 3883 nubere,
795 3824 887 3871 tamen
909 3816 962 3871 alia
987 3832 1032 3871 ra·
1084 3821 1142 3870 tate
1158 3813 1275 3885 Spiritus
1292 3811 1390 3877 saneti,
1408 3826 1458 3883 per
1479 3813 1569 3868 omnia
1593 3812 1691 3867 secula
1709 3812 1870 3867 saeculoram

250 3907 312 3963 tone
323 3925 377 3964 non
395 3910 509 3964 nubunt.
1085 3906 1182 3962 Auen.
1192 3884 1209 3903 ’

280 3997 365 4069 Neque
380 3999 449 4054 caim
473 3998 544 4053 altra
568 4000 635 4053 mori
658 4008 790 4069 poterunt.
806 3997 873 4065 Quia
897 3999 1032 4054 connubia

253 4097 347 4158 emptor
371 4089 451 4157 lilios,
473 4089 521 4144 ldii
536 4098 647 4161 propter
668 4090 880 4155 successionem,
896 4090 1033 4145 successio

256 4190 347 4249 propter
365 4189 492 4237 morem.
508 4179 559 4237 Ubi
574 4196 639 4251 ergo
653 4179 722 4235 mori
736 4196 789 4237 non
807 4189 849 4236 est
870 4196 956 4251 neque
971 4197 1027 4236 cors
1163 4184 1257 4239 Lectio
1271 4182 1356 4238 saneti
1372 4180 1508 4252 Evangelii
1522 4181 1670 4236 secundum
1682 4176 1794 4235 Lucam.

255 4271 331 4325 aubia.
1119 4275 1153 4330 ln
1176 4275 1221 4329 illo
1244 4286 1358 4344 tempore
1379 4273 1445 4328 dicit
1468 4271 1546 4326 Jcsas
1568 4271 1704 4342 discipulis
1724 4270 1879 4326 solutioni

277 4360 401 4433 AEqeales
418 4364 487 4417 enim
501 4358 601 4435 angelis
623 4374 699 4431 sont,
714 4374 737 4418 et
751 4363 802 4435 fittt
823 4374 883 4419 suaet
899 4362 959 4429 Dei,
972 4380 1031 4418 eom
1083 4378 1171 4422 autera
1184 4366 1306 4421 inducent
1328 4381 1372 4419 eos
1394 4365 1421 4417 ia
1440 4379 1595 4435 synogogas,
1617 4373 1640 4417 et
1660 4363 1695 4417 ad
1710 4364 1883 4433 magistratus

251 4452 292 4507 dot
310 4453 361 4524 filii
376 4457 582 4510 resurrectionis.
597 4454 726 4527 AEqeales
747 4456 846 4527 angelis
862 4467 886 4510 et
907 4454 958 4525 etti
971 4463 1031 4509 sunt
1083 4466 1107 4512 et
1130 4466 1279 4528 potestates,
1299 4455 1379 4509 nolite
1403 4455 1508 4509 solliciti
1532 4471 1589 4509 esse
1610 4454 1724 4526 qualiter
1745 4464 1791 4508 atu
1815 4454 1883 4525 periri*

249 4540 304 4606 Dei,
324 4545 370 4614 qui
395 4544 479 4615 gloria
508 4547 717 4602 resurrectionis
742 4547 878 4612 innovati,
901 4547 959 4602 sine
977 4547 1031 4602 ullo
1083 4548 1276 4620 respondeatis,
1296 4556 1342 4600 aest
1366 4547 1429 4618 quid
1449 4548 1543 4601 dicatis
1559 4564 1569 4602 .·
1586 4545 1701 4616 Spiritus
1723 4546 1791 4600 eninr
1814 4562 1878 4599 saer·

245 4634 333 4688 nortis
352 4644 444 4701 metu,
467 4636 526 4691 sine
538 4635 592 4690 ulla
613 4636 673 4693 labe
687 4639 878 4709 corruptionis,
894 4638 952 4693 sinc
977 4637 1031 4693 ullo
1082 4652 1138 4696 etos
1166 4639 1267 4693 docebit
1296 4654 1339 4691 res
1366 4640 1393 4692 io
1424 4640 1480 4709 ipsa
1509 4638 1574 4692 dora
1599 4654 1658 4708 quer
1693 4646 1809 4707 oporteat
1835 4635 1879 4687 di-

243 4725 337 4780 terreni
349 4733 438 4780 status
450 4735 511 4782 actu
527 4738 654 4797 perpetua
668 4728 715 4785 Dei
729 4730 833 4787 visione
848 4729 985 4795 lrountur,
995 4730 1029 4786 ad
1043 4762 1069 4821 D
1083 4748 1152 4795 ecre,
1163 4737 1215 4785 etc.

240 4833 318 4889 mam
342 4832 453 4873 neeesse
471 4826 513 4873 est
530 4819 658 4890 angelice
672 4820 810 4891 dignitatis
826 4818 1027 4889 aequalitatem,
1117 4820 1184 4877 Corn
1198 4838 1263 4894 erga
1278 4831 1389 4892 propter
1400 4819 1538 4875 Christum
1561 4818 1687 4873 ducimur
1708 4817 1741 4872 ad
1759 4814 1881 4888 judiees,

237 4908 360 4978 quisquis
377 4917 441 4961 tune
452 4908 582 4965 accedere
597 4909 742 4973 desiderat,
757 4925 829 4965 nune
844 4909 963 4965 minimis
977 4909 1030 4965 lm·
1081 4912 1246 4969 volumatcm
1269 4920 1372 4967 tantum
1398 4918 1518 4965 nostram
1542 4922 1592 4977 pro
1615 4906 1723 4962 Christo
1747 4907 1883 4961 debeums

237 4999 323 5054 tribus
334 5000 544 5056 condescendat.
1080 5004 1193 5069 ollerre;
1216 5012 1342 5059 ceterum
1359 5003 1415 5071 ipse
1430 5000 1554 5055 Christus
1573 4999 1619 5069 qni
1637 4999 1663 5053 in
1681 4998 1758 5053 nobis
1772 4997 1883 5053 habitas

270 5090 342 5157 Quia
365 5108 425 5145 cere
452 5101 591 5162 resurgunt
620 5094 717 5147 mortui
739 5101 764 5147 et
789 5093 893 5163 illepses
918 5097 1029 5148 ostendit
1081 5096 1201 5167 loquitur
1213 5111 1263 5166 pro
1275 5110 1314 5160 se,
1330 5104 1357 5149 et
1371 5093 1488 5164 Spiritus
1504 5101 1617 5148 sanetus
1637 5092 1664 5147 in
1687 5091 1883 5161 respondendo

234 5197 309 5236 usus
325 5181 430 5246 redum,
450 5183 517 5236 sicat
533 5182 596 5236 dicit
617 5182 760 5237 Dominam
778 5182 862 5239 Derim
884 5184 1028 5250 Abrabam,
1080 5189 1195 5260 gratiam
1209 5188 1387 5243 ministrabit.

233 5280 259 5325 cs
274 5271 361 5325 lisera
375 5270 465 5337 isene,
479 5281 503 5325 et
528 5264 610 5326 Deum
629 5271 722 5327 locale.
743 5272 784 5328 dd
799 5274 1026 5344 comprobandam
1116 5281 1159 5334 dit
1174 5289 1261 5333 autem
1279 5280 1303 5333 ei
1313 5278 1419 5350 quidam
1433 5278 1466 5332 dc
1480 5280 1573 5333 toria:
1587 5276 1724 5349 Magister,
1738 5276 1780 5331 die
1795 5276 1881 5347 {ratri

233 5361 444 5417 resurrectionis
452 5362 607 5428 veritatem,
620 5363 711 5418 multis
724 5364 783 5419 aliis
796 5364 1027 5421 manilestioribus
1079 5385 1136 5423 oreo
1155 5378 1183 5421 ot
1197 5368 1295 5423 dividat
1312 5384 1416 5422 mecum·
1428 5368 1615 5422 damnitatem.
1629 5367 1662 5421 dt
1679 5368 1723 5423 ille
1737 5368 1804 5423 dicit
1823 5367 1847 5423 ei
1864 5380 1880 5421 .’·

232 5453 364 5525 exemplis
378 5453 416 5508 uti
434 5455 531 5523 potuit,
543 5470 559 5510 c
573 5454 671 5526 quibus
687 5465 728 5509 est
742 5454 818 5520 illud,
831 5454 1028 5510 suscitabantur
1081 5460 1177 5526 Homo,
1188 5463 1246 5532 qais
1261 5479 1301 5515 ore
1313 5461 1445 5515 consiluit
1456 5461 1575 5530 jadicem
1587 5472 1631 5516 aut
1645 5462 1784 5517 divisorem
1793 5477 1881 5533 sopra

233 5545 340 5608 metui,
352 5552 379 5599 et
391 5556 536 5615 resurgeat,
547 5547 591 5617 qai
615 5549 642 5600 ia
657 5546 783 5616 sepulcris
805 5558 875 5601 seret.
891 5546 1026 5613 Qttaeritur
1080 5545 1250 5607 uosl'llerito
1263 5550 1393 5605 relutatur
1404 5551 1448 5606 bic
1459 5550 1542 5605 irater
1551 5552 1596 5621 qui
1610 5552 1740 5622 magistro
1751 5567 1880 5622 superruo·

235 5634 325 5704 itaque
341 5636 407 5707 qnid
421 5637 472 5691 sibi
492 5636 607 5692 voluerit
620 5636 750 5692 Dominus
770 5639 821 5693 hoc
843 5639 963 5707 prolerre
985 5648 1026 5693 te-
1080 5642 1154 5712 pncis
1178 5642 1343 5712 unitatisque
1364 5642 1460 5712 gandia
1481 5642 1681 5697 commendanti
1704 5652 1789 5698 terrae·
1803 5639 1874 5698 di'ui'-

233 5727 401 5793 stimonium,
416 5730 489 5799 qood
510 5730 616 5786 videtur
632 5731 797 5803 ambiguum,
822 5731 864 5786 rel
887 5746 940 5785 non
959 5733 1026 5786 satis
1078 5731 1163 5785 sionis
1176 5730 1233 5783 vult
1256 5731 1377 5801 ingerere
1395 5732 1558 5796 molestiam,
1574 5734 1671 5787 incute
1689 5732 1806 5787 bominis
1824 5747 1874 5784 eo·

234 5820 266 5877 etl
283 5822 494 5878 resurrectionis
516 5822 656 5892 pertinens
672 5822 830 5888 veritatem3
846 5824 892 5877 sed
917 5822 1023 5877 Saddu-
1078 5819 1174 5875 cabulo
1187 5828 1305 5873 notatur.
1319 5818 1357 5874 Cu
1370 5840 1384 5872 n
1398 5822 1470 5875 enim
1485 5822 1521 5875 sit
1532 5824 1601 5877 inter
1614 5838 1661 5877 ros
1674 5823 1747 5877 zelus
1760 5830 1788 5877 et
1802 5838 1870 5876 con·

234 5913 279 5968 aei
293 5913 416 5983 quinque
429 5921 534 5968 tanturn
556 5913 640 5969 libros
661 5911 744 5985 lloysi
761 5913 942 5982 recipiebant,
962 5929 1025 5983 pro·
1077 5911 1171 5974 tentio,
1195 5925 1284 5964 nonne
1305 5911 1429 5966 carnales
1445 5913 1522 5977 estis,
1538 5930 1627 5969 nonne
1647 5914 1770 5969 nonrines
1792 5915 1876 5977 estis.

235 6002 375 6074 plectarum
401 6003 527 6058 vaticinia
550 6011 716 6073 respuentes.
740 6002 856 6056 Stultttm
883 6013 1022 6074 arguerat
1076 6010 1104 6054 ct
1117 6001 1264 6055 secondom
1280 6001 1415 6057 bononem
1438 6003 1599 6059 ambulatis?
1616 6002 1753 6075 Negatquc
1771 6019 1800 6061 se
1818 6007 1870 6061 llo·

1347 3996 1487 4053 ll0lllle
1508 3995 1605 4050 LXXV

1422 4104 1501 4144 rents
1518 4105 1543 4142 r.
