4500 6842
328 583 395 681 'aas
807 595 981 669 coeuntia.
1002 608 1035 663 m
1053 605 1275 663 enncrrrannn.
1294 582 1411 663 -tm
1433 607 1477 663 xr.
1909 609 1961 664 rso

344 755 356 790 r
372 735 523 791 occisonnn
540 730 567 786 in
584 728 665 786 corde
682 727 773 781 maris.
791 723 915 794 Nunquid
926 723 1020 780 dicens
1039 722 1131 792 loque·
1145 724 1169 786 A
1184 736 1263 793 parm,
1279 736 1338 791 quae
1351 720 1451 791 scripta
1465 728 1527 776 sunt
1541 720 1713 782 disseramus.
1732 740 1741 773 r
1757 723 1824 779 Corn
1838 723 1891 787 sis,
1906 720 1980 792 ait,‘

345 850 356 882 a
373 828 421 893 ris,
435 826 506 881 Deus
522 838 573 893 ego
588 836 648 880 sem
663 833 754 877 coram
769 817 991 877 interficientibus
1010 826 1046 881 te,
1064 831 1125 873 eum
1179 813 1208 869 in
1224 812 1410 885 mediomari,
1429 832 1438 866 r
1453 821 1481 870 et
1506 812 1535 879 in
1559 812 1652 868 insulae
1674 813 1791 869 tenearis
1814 805 1980 891 angustiis,—¹

346 938 357 973 r
373 919 411 973 sis
427 917 508 971 bomo
525 923 552 970 et
574 928 627 968 amr
642 912 729 975 Deus,
748 909 774 965 io
787 924 867 969 mauu
880 907 1059 965 occidentium
1083 908 1130 962 tet
1179 902 1239 973 plus
1253 902 1354 968 dicam
1368 917 1431 958 cum
1445 902 1483 958 sis
1498 903 1627 968 hommes
1641 904 1764 960 humanae
1777 892 1971 975 carnissiragi·¹

310 1029 356 1060 a«
373 1006 459 1062 llorte
477 1001 728 1060 incircumcisorum
745 1000 870 1058 morieris
887 999 914 1055 in
932 1014 1013 1054 manu
1028 996 1129 1052 alienu·
1179 996 1255 1050 litate
1277 995 1476 1060 circumdatus,
1501 1005 1606 1051 tumore
1622 996 1711 1052 cerdis
1726 995 1830 1061 elatus,
1850 996 1877 1050 in
1894 997 1973 1061 sulio,

348 1116 358 1150 r
374 1111 444 1159 rum,
457 1095 520 1164 quia
535 1108 586 1164 ego
603 1093 706 1148 lucebas
723 1106 794 1156 sum,
813 1090 851 1146 ait
867 1090 997 1146 Dominus
1015 1088 1095 1143 Dens.
1116 1107 1126 1139 r
1179 1086 1244 1150 Dei,
1265 1087 1291 1141 in
1311 1085 1388 1143 coelis
1408 1094 1434 1141 te
1455 1086 1580 1143 habitare
1598 1086 1746 1143 arbitratus
1760 1102 1807 1147 ,es
1826 1085 1964 1158 Simulque

344 1186 480 1258 (idimon.)
491 1182 630 1251 Duormdo
643 1190 731 1239 sutem
738 1179 906 1252 Tyrianurbis
918 1181 969 1236 sub
982 1179 1067 1249 figura
1081 1193 1129 1233 ua·
1178 1178 1241 1249 quia
1259 1179 1348 1250 jactas
1367 1179 1527 1250 sapientiam
1548 1179 1701 1245 intantum,
1716 1186 1747 1235 ut
1761 1180 1835 1250 regni
1853 1180 1891 1236 tui
1913 1182 1963 1237 bn-

343 1279 386 1332 ris
396 1276 511 1345 primum
523 1274 633 1338 diuitiae,
645 1272 742 1329 deinde
756 1272 832 1327 ruina
843 1271 1019 1342 planctusque
1028 1269 1130 1326 deseri·
1179 1270 1266 1324 mines
1288 1268 1457 1325 Salomonem
1480 1269 1667 1339 arnigrrmtibus
1685 1280 1879 1340 provocarent,
1900 1287 1967 1329 narn·

343 1378 405 1437 ptus
421 1373 477 1430 est,
506 1366 545 1424 sie
559 1365 593 1419 ad
610 1364 757 1433 principem
772 1360 834 1433 Tyri
858 1361 973 1432 prinurm
993 1374 1082 1416 sermo
1099 1360 1129 1414 lit
1179 1361 1243 1431 quid
1266 1361 1413 1430 sapientior
1436 1376 1465 1416 es
1496 1359 1621 1427 Daniele,
1645 1362 1692 1432 qui
1718 1362 1765 1418 Dei
1787 1363 1875 1434 gratia
1899 1363 1965 1421 ricit

343 1455 518 1526 prophetalis,
530 1454 600 1524 quod
606 1462 712 1511 caecum
720 1454 756 1509 sit
765 1468 813 1523 per
824 1451 989 1523 superbiam,
998 1467 1046 1506 nec
1059 1452 1127 1506 benc
1178 1464 1273 1505 omnes
1285 1459 1412 1520 magnsct
1421 1450 1549 1517 hariolos,
1559 1459 1587 1507 et
1596 1467 1668 1508 nunc
1679 1451 1706 1507 in
1713 1451 1848 1523 Babylone
1857 1455 1964 1525 sapien·

344 1563 410 1604 usus
420 1549 524 1617 opihm,
535 1561 604 1615 quas
613 1546 739 1601 haberat.
750 1544 817 1599 Dein
829 1543 917 1599 luctus
929 1552 957 1598 et
970 1542 1129 1597 larrrentatio
1179 1542 1300 1598 tissimus
1312 1543 1372 1595 est?
1381 1542 1444 1597 Sirc
1459 1543 1494 1597 ita
1510 1542 1710 1614 intelligendum
1724 1543 1804 1599 ctiam
1818 1545 1965 1615 sapientior

343 1639 377 1696 de
393 1638 503 1709 «galaulis
520 1637 597 1694 bunis
612 1636 646 1691 ad
663 1635 733 1691 annin
756 1643 856 1705 quanta
876 1634 1044 1704 pervenerim
1070 1632 1128 1702 pri-
1179 1634 1217 1688 sis
1232 1633 1356 1699 Daniele,
1372 1634 1417 1703 qui
1433 1635 1552 1688 uranium
1564 1633 1733 1691 confessione
1747 1637 1963 1706 sapientissimus

343 1745 417 1784 ruem
441 1729 524 1799 igitur
547 1727 633 1797 prima
657 1726 769 1782 dicenda
791 1735 862 1780 sunt.
882 1724 1017 1793 Scriptum
1035 1731 1077 1780 est
1101 1722 1128 1777 in
1179 1730 1220 1779 cst
1235 1741 1242 1777 :
1257 1733 1285 1778 et
1299 1723 1452 1779 diuitiarum
1467 1740 1499 1779 ac
1518 1725 1645 1794 potentiae
1669 1725 1853 1795 magnitudine
1868 1727 1915 1784 Dei
1938 1736 1964 1781 tc

343 1818 414 1872 isaia
430 1817 464 1872 ad
479 1831 569 1885 rogem
584 1815 727 1885 babylonis
741 1813 996 1877 Nabuchodonosor,
1011 1812 1083 1880 quod
1098 1827 1128 1867 sc
1179 1814 1272 1883 cupias
1283 1815 1409 1884 potentia
1422 1830 1572 1884 conquam,
1584 1824 1673 1871 tamen
1684 1818 1802 1887 capiaris
1816 1819 1850 1872 ab
1864 1820 1961 1876 adver·

345 1909 392 1963 Dei
408 1908 535 1979 pooendn
549 1907 712 1976 coaequarit,
727 1913 754 1961 et
768 1906 795 1961 in
811 1914 913 1960 tourtam
928 1904 1015 1960 elatus
1033 1904 1069 1960 sit
1084 1918 1129 1958 ar-
1179 1906 1266 1969 sariis,
1277 1914 1304 1961 ct
1314 1908 1380 1961 urbe
1391 1908 1506 1976 perdita,
1521 1908 1612 1963 machis
1621 1907 1786 1965 conlodicris
1796 1910 1960 1967 scrinerilms.

343 2000 513 2071 rogantium,
527 1981 683 2053 manderet
697 1997 787 2051 dicere
803 2014 810 2049 :
828 2014 837 2046 r
855 1993 943 2065 Super
956 1994 1045 2049 sidera
1065 1993 1128 2048 coeli
1179 1998 1213 2051 Et
1221 1997 1291 2052 ultra
1303 2013 1355 2053 non
1365 1997 1447 2061 dices,
1463 1999 1591 2069 Deusego
1602 2013 1672 2063 snm,
1687 1999 1734 2055 sed
1746 2001 1840 2056 domm
1854 2001 1963 2058 interitu

343 2090 503 2155 mesanam,
525 2098 553 2148 et
573 2104 621 2144 cro
642 2087 739 2142 similis
760 2086 897 2141 ditissimo
921 2083 995 2156 (lau.
1010 2082 1094 2157 xxv).
1115 2102 1124 2136 r
1143 2090 1313 2156 sslrorninem
1335 2097 1362 2144 te
1375 2104 1434 2145 esse
1450 2103 1605 2159 cognosces,
1619 2105 1671 2145 non
1686 2091 1781 2146 Deum
1803 2090 1851 2146 Sin
1871 2099 1963 2147 nartem

344 2184 582 2255 praecipitatusque
592 2182 627 2238 do
643 2180 710 2236 solio
725 2179 823 2234 meruit
836 2178 947 2233 audire:
964 2197 972 2229 r
989 2176 1129 2244 Quonrodo
1179 2177 1300 2232 volumus
1315 2176 1462 2247 principem
1476 2176 1538 2249 Tyri
1563 2180 1684 2233 eamdem
1699 2180 1788 2235 dicere
1802 2190 1964 2249 potestatem

345 2272 444 2328 recidit
462 2271 579 2336 Lucifer,
598 2270 644 2341 qui
662 2283 741 2323 mane
752 2268 909 2323 oriebatur?
930 2286 939 2317 r
956 2265 989 2321 Et
1007 2266 1041 2321 de
1055 2264 1128 2320 Pha-
1179 2270 1221 2325 eui
1232 2284 1248 2323 a
1259 2268 1421 2324 Deocredlta
1430 2279 1471 2324 est
1481 2269 1538 2338 ipsa
1549 2269 1655 2333 civitas,
1668 2270 1724 2324 sire
1737 2271 1885 2340 pmrincia,
1897 2271 1963 2326 illud

345 2375 427 2416 moure
445 2361 472 2415 iu
491 2361 543 2416 boc
560 2359 653 2414 eodem
670 2358 821 2428 propheta:
841 2375 850 2407 t
867 2355 924 2411 Mea
943 2364 1005 2411 sunt
1019 2353 1129 2410 flumina
1179 2376 1349 2416 assumamus
1366 2362 1557 2416 testimonium.
1573 2362 1628 2432 Ego
1640 2361 1706 2427 dixi,
1729 2362 1764 2416 dii
1777 2362 1859 2425 estis,
1874 2371 1901 2417 et
1915 2361 1963 2418 salii

343 2460 372 2506 et
394 2466 445 2522 ego
467 2449 518 2506 larci
543 2464 585 2505 ea.
603 2469 613 2503 r
630 2449 664 2503 Et
678 2451 710 2503 de
725 2438 846 2518 principe
861 2446 940 2517 Tyri,
965 2446 1037 2517 quod
1059 2446 1130 2501 elato
1180 2449 1288 2505 Excelsi
1310 2464 1415 2505 omnes.
1432 2447 1486 2504 Vos
1507 2459 1597 2504 antean
1622 2450 1690 2506 sicut
1717 2451 1840 2505 homines
1865 2450 1965 2506 nauric-

344 2542 427 2597 conle
450 2541 549 2595 dixerit
572 2549 751 2609 arroganter:
768 2556 778 2588 r
796 2538 866 2592 Deus
890 2552 940 2606 ego
956 2552 1031 2598 sum,
1050 2545 1079 2590 et
1103 2536 1129 2589 in
1180 2538 1264 2603 mini,
1278 2548 1304 2593 et
1320 2541 1391 2594 sicut
1406 2555 1476 2595 unus
1490 2540 1522 2594 de
1536 2539 1703 2610 principibus
1717 2540 1829 2596 cadetis.
1845 2540 1963 2596 tradito

344 2629 472 2686 cathedra
488 2630 533 2688 Dei
547 2630 614 2693 sculi,
633 2629 716 2684 »sire
732 2645 741 2678 r
759 2627 786 2681 in
808 2626 962 2683 habitaculo
983 2626 1028 2681 Dei
1051 2626 1129 2680 habi·
1180 2629 1251 2684 enim
1267 2628 1319 2683 illis
1334 2631 1444 2684 suntad
1459 2629 1605 2700 regendum
1621 2629 1782 2699 prouinciae,
1797 2629 1874 2699 quasi
1891 2629 1964 2699 iudi-

346 2721 412 2775 tnri.
430 2739 440 2773 r
457 2719 524 2775 Cum
539 2720 576 2776 sit
591 2720 671 2776 bomo
686 2726 713 2774 et
729 2734 781 2774 non
797 2718 878 2774 Deus.
894 2718 960 2786 Quae
974 2733 1129 2790 quanquam
1180 2719 1257 2775 cibus
1276 2719 1311 2774 ab
1329 2719 1508 2789 imperatore,
1529 2718 1575 2787 qui
1595 2718 1669 2774 obliti
1690 2720 1819 2774 bonorem
1838 2734 1917 2774 suurn
1931 2733 1966 2775 cs

345 2810 488 2865 rideantur
498 2810 569 2866 uires
582 2810 707 2865 hunianae
722 2810 873 2879 fragilitatis
882 2810 1022 2873 excedere,
1037 2818 1064 2866 et
1075 2826 1129 2864 uon
1181 2809 1292 2866 alterius
1306 2807 1428 2877 iussione
1448 2810 1581 2879 pendere,
1596 2809 1683 2879 qualis
1699 2824 1783 2878 nuper
1798 2808 1966 2866 Herodianus

347 2908 404 2955 um
421 2900 559 2955 borrrinmn
578 2900 659 2955 rerba
677 2914 751 2964 esse,
767 2915 847 2970 quam
866 2899 1058 2955 insanientium
1074 2900 1130 2954 dae·
1182 2902 1210 2956 in
1228 2900 1319 2957 hicira
1339 2899 1399 2954 luit.
1416 2899 1505 2955 Erech
1527 2907 1590 2955 sunt
1608 2907 1699 2957 mente
1719 2899 1857 2969 tyrannica
1871 2908 1965 2956 eontra

347 3005 475 3057 monum,
491 3001 580 3047 tanuen
593 2991 669 3062 justa
683 2992 824 3065 inspicias
841 2991 971 3046 eleterius
990 2990 1130 3059 accipere,
1182 3007 1272 3065 regent
1286 3000 1314 3047 et
1329 2990 1472 3047 Dominum
1483 2975 1569 3045 'suum
1580 3030 1588 3056 ,
1600 3000 1631 3046 ut
1645 2991 1672 3046 in
1694 2999 1750 3045 toto
1767 2991 1833 3046 urbe
1853 2990 1966 3060 dispcrsi

348 3080 420 3150 qnod
435 3080 462 3136 in
483 3089 586 3137 tantum
602 3080 779 3137 intumuerint
802 3088 829 3135 et
853 3080 999 3136 nescierint
1023 3094 1132 3138 mensu-
1182 3083 1232 3139 sub
1246 3081 1400 3138 nominibus
1416 3080 1574 3137 idololatriae
1584 3120 1592 3147 ,
1604 3081 1716 3138 morunt
1730 3080 1781 3138 sibi
1795 3080 1904 3135 nomina
1918 3094 1967 3141 as-

348 3185 408 3224 iam
427 3185 503 3225 ‘ilem
522 3180 552 3226 ut
567 3169 630 3225 Oleli
645 3170 773 3225 felicium
786 3169 893 3235 mulir
908 3177 933 3224 0¹
949 3168 1023 3239 regni
1037 3176 1132 3239 limen·
1182 3180 1337 3238 sttnterent,
1362 3182 1390 3227 et
1411 3170 1495 3226 lnilati
1518 3171 1642 3241 superbia
1663 3170 1690 3225 in
1712 3168 1843 3238 judicium
1867 3167 1967 3226 diaboli

349 3262 403 3327 tia,
420 3262 482 3316 dum
497 3262 640 3331 prasentia
654 3262 723 3317 luna
737 3269 833 3332 putant
847 3274 908 3318 esse
920 3268 1065 3331 perpetua,
1081 3259 1131 3314 bo-
1183 3263 1332 3322 inciderent
1352 3270 1380 3318 et
1402 3261 1538 3332 laqueum.
1559 3262 1597 3317 De
1612 3277 1666 3332 qno
1681 3270 1708 3317 ct
1723 3260 1848 3325 Salvator
1861 3260 1968 3316 locutus

346 3353 434 3408 mines
447 3367 476 3408 se
488 3366 550 3409 esse
563 3353 725 3416 nescierint,
739 3360 766 3408 et
779 3360 909 3410 sermm
924 3351 974 3407 sibi
989 3352 1131 3421 imperium
1184 3341 1212 3412 in
1230 3352 1374 3425 Evangelio
1392 3360 1453 3407 est:
1470 3371 1480 3405 r
1495 3352 1556 3413 Vidi
1574 3350 1704 3407 Satanam
1718 3350 1796 3421 qnasi
1812 3349 1902 3421 fulgur
1920 3364 1967 3404 ca-

346 3443 528 3508 rindicarint,
548 3443 611 3499 licet
629 3444 679 3500 sub
699 3452 761 3515 typo
782 3442 948 3514 principum,
967 3457 1130 3513 regumque,
1144 3448 1167 3511 c
1182 3446 1289 3501 dentem
1305 3445 1337 3499 de
1351 3444 1421 3499 coelu
1436 3443 1520 3518 (Luc.
1537 3442 1584 3513 x).
1599 3463 1609 3496 r

348 3542 376 3588 et
390 3533 567 3606 singularium
581 3535 687 3590 urbium
702 3534 743 3588 rel
763 3533 961 3604 provinciarum
982 3535 1131 3603 potestates
1221 3554 1230 3587 r
1248 3536 1282 3589 Et
1297 3534 1384 3590 lamus
1398 3544 1441 3589 est
1455 3549 1545 3589 senno
1560 3534 1665 3589 Domini
1680 3534 1714 3589 ad
1729 3549 1773 3589 mc
1788 3534 1900 3590 dicens:
1916 3532 1967 3589 Fili
2050 3531 2052 3537 ’

347 3624 509 3680 adversariae
536 3624 763 3680 demonstrentur.
798 3624 837 3680 De
867 3625 965 3693 quihus
990 3624 1084 3679 scribit
1103 3629 1131 3678 et
1185 3624 1348 3689 straminis,
1363 3624 1422 3681 lura
1436 3623 1573 3694 planctum
1587 3639 1668 3693 super
1685 3624 1868 3695 regern'l'yri,
1883 3633 1911 3678 et
1925 3624 1968 3679 di-

347 3713 486 3784 apostolus
501 3714 599 3770 Paulus
613 3714 730 3786 (Ephes.
746 3713 795 3786 ur)
811 3732 818 3768 :
836 3732 845 3766 r
862 3713 920 3769 Non
936 3720 977 3769 est
991 3713 1069 3770 nobis
1082 3728 1131 3783 pu·
1184 3732 1193 3766 r
1212 3728 1257 3769 ces
1273 3714 1298 3770 ei
1312 3731 1318 3767 :
1331 3712 1394 3768 llaec
1412 3712 1477 3768 dicit
1494 3712 1623 3771 Dumium
1640 3714 1709 3769 Deus
1723 3714 1781 3768 :Tu
1799 3715 1967 3783 signaculum

345 3819 401 3874 gna
422 3804 552 3861 aduersus
574 3819 698 3871 carnem,
723 3813 751 3860 et
772 3804 945 3876 sanguinem,
967 3804 1014 3859 sed
1036 3810 1132 3859 contra
1184 3803 1404 3869 rsirmlitudiuis,
1419 3803 1514 3874 plenus
1525 3803 1657 3874 sapientia
1667 3813 1695 3859 ct
1706 3804 1841 3874 perlectus
1851 3806 1965 3868 decore;

347 3896 485 3967 principes
496 3907 523 3952 et
536 3906 682 3967 potestates
694 3906 866 3968 rectoresque
878 3898 1049 3953 tenebrarum
1064 3897 1131 3950 ista·
1184 3918 1194 3952 r
1209 3899 1236 3954 in
1251 3898 1354 3957 deliciis
1368 3897 1487 3969 paradisi
1502 3892 1549 3954 Dei
1567 3897 1652 3961 luisti.
1675 3897 1768 3954 Darnis
1788 3898 1796 3951 l
1812 3898 1856 3974 pis
1869 3899 1969 3967 pretio-

348 4003 426 4052 rum,
449 3995 478 4042 et
498 3987 628 4057 spiritalia
653 3988 778 4056 nequitiae
801 3988 827 4043 in
849 3988 1014 4043 coelestibus.
1032 4006 1042 4039 r
1057 3987 1090 4042 Et
1104 3988 1131 4040 in
1185 4008 1194 4038 r
1210 4005 1257 4045 sus
1267 3988 1462 4059 operimentum
1471 3996 1545 4046 mern
1556 4027 1564 4052 ,
1575 3988 1693 4051 sardius,
1706 3987 1826 4057 topazius
1836 3986 1967 4057 etiaspis,

348 4077 404 4133 ulio
424 4076 484 4133 loco
505 4077 540 4150 (l
554 4076 615 4134 Cer.
632 4095 651 4133 n
664 4077 673 4149 i
688 4094 695 4133 a
713 4099 722 4131 r
740 4078 904 4148 Sapientiam
924 4078 1042 4149 loquitur
1062 4079 1133 4134 inter
1186 4100 1195 4132 r
1211 4089 1239 4135 et
1248 4080 1419 4151 chrysolitus,
1430 4089 1586 4152 etonyr,et
1597 4080 1707 4137 berillos
1716 4081 1859 4151 sapphirus
1871 4091 1899 4137 et
1908 4098 1968 4136 cur·-

348 4167 502 4239 pcrlectes,
517 4169 675 4239 sapientiam
691 4183 754 4224 sero
773 4183 827 4223 non
842 4169 933 4223 mundi
947 4168 1025 4238 bujos
1045 4182 1133 4237 ncquc
1186 4189 1196 4224 r
1214 4171 1348 4226 buncuius
1361 4179 1387 4226 et
1401 4172 1570 4241 smaragdus.
1590 4170 1694 4229 durum
1709 4186 1777 4241 opus
1792 4172 1898 4247 decoris
1914 4171 1968 4235 tui,

348 4261 499 4333 principum
524 4261 616 4317 saeculi
640 4262 719 4316 istius
736 4260 782 4329 qui
801 4262 986 4316 destruuntur.
1003 4279 1012 4312 r
1032 4260 1064 4316 St
1080 4260 1133 4316 ite-
1186 4280 1195 4312 r
1212 4270 1241 4317 et
1254 4259 1445 4323 iorarninatua
1460 4261 1486 4317 in
1501 4262 1544 4315 die
1555 4301 1562 4325 ,
1574 4276 1627 4331 qua
1639 4261 1764 4316 conditus
1777 4275 1807 4317 es
1818 4270 1970 4332 preparata

296 4369 324 4437 ⁶·
351 4368 430 4416 rurrr,
446 4352 479 4407 de
493 4350 625 4420 sapientia
646 4350 803 4419 disputans,
818 4349 857 4403 ait
869 4349 878 4418 l
889 4348 980 4420 ltin.)
996 4366 1029 4405 >r
1047 4348 1133 4415 Quam
1186 4374 1196 4405 r
1212 4359 1286 4409 sunt.
1304 4352 1344 4411 Tu
1363 4354 1466 4409 cherub
1481 4361 1609 4411 extentus
1627 4360 1655 4410 et
1673 4363 1830 4424 protegens,
1848 4362 1876 4408 et
1893 4354 1970 4423 posui

350 4439 440 4495 nullus
452 4439 486 4493 dc
495 4439 663 4508 principibus
677 4438 766 4493 mundi
782 4436 861 4505 lmjus
873 4438 1006 4508 cognorit.
1017 4436 1048 4491 Sl
1060 4437 1134 4491 enim
1188 4464 1197 4496 r
1215 4453 1241 4500 tp
1257 4445 1283 4499 in
1299 4454 1390 4500 morire
1404 4453 1498 4501 sanem
1513 4444 1570 4500 Dei.
1586 4444 1614 4502 ln
1629 4444 1718 4504 medio
1733 4444 1850 4514 lapillum
1871 4446 1970 4516 ignim-

350 4530 539 4601 cnguorissent
558 4513 695 4597 nunquam
716 4528 853 4583 dominum
872 4528 965 4599 gloriae
982 4528 1135 4587 crucilixis-
1188 4559 1197 4591 r
1215 4551 1273 4591 rum
1289 4537 1447 4598 ambulasti,
1464 4537 1601 4608 perlectus
1616 4536 1642 4592 ip
1658 4537 1709 4599 riis
1725 4537 1777 4597 inis
1790 4553 1806 4592 a
1820 4537 1864 4591 die
1876 4536 1972 4591 mndi-

350 4630 422 4677 sem.
440 4642 449 4673 r
465 4620 495 4675 ln
510 4619 628 4676 Danielis
642 4634 748 4689 quoqne
761 4618 902 4690 prophetia
916 4619 1056 4687 perspicue
1071 4618 1138 4688 legi·
1189 4646 1198 4678 r
1216 4626 1298 4682 timuis
1315 4634 1383 4691 tuae,
1401 4626 1486 4684 denec
1505 4627 1611 4681 inuenta
1630 4634 1672 4681 cst
1690 4625 1819 4693 iniquitas
1839 4626 1866 4679 in
1884 4634 1919 4680 te.
1939 4624 1970 4681 ln

350 4716 500 4788 tur-(Dura.
515 4714 575 4786 x),
590 4715 715 4785 princeps
734 4712 874 4767 israelitici
894 4710 998 4783 populi,
1021 4710 1135 4766 hiicbael
1190 4716 1388 4773 «multitudine
1407 4716 1596 4784 negotiationis
1620 4723 1671 4770 tuae
1690 4714 1791 4783 repleta
1815 4724 1878 4772 sunt
1903 4716 1973 4769 intc=

349 4815 378 4861 et
404 4806 530 4876 princeps
556 4804 666 4859 Graeciae
694 4804 873 4873 princepsque
905 4802 1060 4857 Persarum.
1100 4794 1288 4860 EtDrriora
1313 4812 1358 4861 tua
1383 4805 1539 4873 hiiquitate,
1561 4812 1591 4858 et
1613 4803 1743 4871 peccasti,
1758 4810 1787 4856 ct
1801 4800 1874 4870 ejeci
1891 4811 1917 4858 te
1936 4802 1971 4857 dc

350 4898 439 4953 dieses
466 4897 585 4966 apertius
609 4897 704 4951 scribit
727 4897 754 4950 in
778 4894 979 4950 Deuteronomii
1004 4893 1134 4949 cantico:
1190 4907 1309 4953 ‹nronte
1332 4896 1396 4962 Dei,
1420 4904 1448 4950 et
1472 4896 1576 4964 perlidi
1597 4904 1637 4960 tc,
1654 4910 1672 4951 ο
1690 4894 1806 4959 cherub,
1828 4903 1972 4965 protegens

352 5008 363 5041 t
380 4988 493 5055 Quando
504 4988 639 5042 dolebat
652 4986 805 5041 albissimus
819 4993 929 5057 gentes,
944 4985 1138 5040 disseminabat
1191 4992 1249 5048 rde
1266 4992 1354 5046 medio
1372 4990 1489 5059 lapidum
1507 4989 1663 5058 ignitorum.
1682 4988 1716 5042 Et
1734 4987 1851 5042 levatum
1866 4998 1909 5046 est
1923 5004 1971 5048 cor

350 5076 422 5134 lilius
440 5078 525 5133 Adam
541 5096 547 5132 :
571 5078 709 5133 cnmtituit
729 5077 858 5140 mandatos
879 5076 1035 5141 nationum,
1058 5075 1138 5145 iuxta
1190 5099 1200 5131 r
1216 5090 1291 5135 tuum
1306 5080 1333 5134 in
1348 5078 1446 5133 decore
1461 5083 1517 5131 tuo.
1533 5076 1678 5135 Perdidisti
1693 5077 1852 5146 sapientiam
1870 5061 1896 5131 in
1912 5078 1972 5147 pul-

350 5184 495 5226 munerum
509 5169 663 5239 angelornm
672 5170 746 5233 Der,r
755 5168 860 5232 sinent
873 5166 968 5222 mcbus
982 5166 1096 5221 babetur
1110 5166 1136 5221 in

351 5260 500 5326 Hebraico,
518 5258 619 5331 ijuxta
633 5275 775 5315 narmerum
795 5258 911 5315 liliorum
928 5258 1020 5314 israel.
1040 5259 1074 5313 Et
1094 5258 1136 5311 ia-

351 5358 426 5408 uam
446 5357 506 5415 est,
525 5365 587 5420 pars
604 5349 709 5403 Domini
731 5349 844 5419 populus
864 5348 922 5419 ejus
942 5348 1042 5414 iacob,
1062 5347 1135 5402 lurni·

350 5439 430 5499 culus
445 5442 616 5498 =haereditatis
640 5441 698 5510 ejus
711 5441 793 5498 lsrael
817 5441 913 5512 (Dent.
930 5457 1005 5498 xxxn
1017 5441 1038 5511 ).
1056 5460 1065 5492 r
1082 5438 1137 5495 Nec

351 5532 511 5588 mirabimur
525 5534 551 5589 in
566 5533 643 5603 parte
657 5532 793 5588 contraria
803 5533 935 5601 pessimos
946 5546 1021 5602 reges
1034 5532 1060 5586 iu
1076 5538 1138 5600 typo

351 5624 589 5694 prevaricatorem
603 5623 755 5694 praecedere
768 5623 935 5693 principum,
947 5637 1009 5677 curn
1022 5622 1139 5691 optimus

352 5727 433 5782 teges
446 5713 530 5768 Dauid
543 5722 571 5768 et
586 5712 756 5769 Salomonem
767 5721 796 5767 et
808 5710 909 5767 lusiam
923 5722 951 5766 et
965 5710 1139 5765 Patriarchas

354 5811 384 5857 et
399 5800 549 5872 Prophetas
569 5804 597 5859 in
618 5802 703 5872 ligura
727 5803 833 5862 Domini
853 5802 1002 5859 salvatoris
1022 5817 1139 5872 praeces·

353 5894 424 5947 sisse
435 5893 587 5949 doceamus.
600 5893 683 5966 lgitur
691 5894 767 5964 juxta
780 5903 922 5965 utramque
935 5894 1139 5964 intelligentiam

354 5997 448 6054 regurn
469 5985 570 6053 pariter
592 5986 769 6056 superborum
789 5995 816 6039 nt
836 5992 1018 6054 aspirastatarum
1036 5984 1139 6053 princi⁴

1191 5167 1368 5223 «claritudine
1386 5176 1441 5231 tua,
1460 5167 1487 5222 iu
1505 5174 1604 5222 terram
1616 5164 1717 5235 projeci
1736 5174 1761 5221 tc
1775 5184 1781 5219 :
1794 5176 1856 5221 arrte
1875 5166 1972 5232 iaciant

1190 5269 1310 5328 «regum
1333 5257 1394 5318 dedi
1413 5266 1453 5323 te,
1475 5264 1504 5310 ut
1521 5264 1665 5320 cernerent
1688 5265 1723 5311 tc.
1749 5256 1777 5312 ln
1799 5256 1972 5312 multitudine

1191 5365 1200 5398 r
1219 5346 1390 5416 iniquitatum
1406 5356 1510 5401 tuarum
1530 5346 1600 5401 etin
1621 5346 1763 5417 iniquitate
1781 5349 1970 5420 negotiationis

1191 5445 1289 5501 rtuae,
1312 5434 1428 5505 polluisti
1450 5435 1690 5512 sanctificationem
1714 5445 1801 5506 tuam,
1827 5438 1973 5510 producam
2016 5426 2018 5428 μ

1191 5544 1201 5578 r
1216 5540 1280 5595 ergo
1294 5525 1382 5596 ignaru
1396 5526 1430 5580 de
1444 5524 1532 5582 medio
1547 5526 1585 5582 tui
1599 5527 1646 5598 qui
1662 5530 1785 5586 comedat
1802 5538 1843 5595 tc,
1860 5538 1888 5586 et
1904 5531 1974 5610 dabo

1193 5636 1202 5667 r
1217 5624 1243 5671 te
1258 5616 1285 5670 in
1300 5616 1418 5671 cinerem
1432 5630 1513 5686 snper
1528 5625 1627 5674 terram
1647 5620 1674 5673 in
1691 5630 1836 5690 conspectu
1852 5622 1973 5676 omnium

1193 5706 1366 5766 ‹uirlerrtinm
1391 5715 1427 5761 te.
1446 5706 1546 5765 Omnes
1562 5711 1607 5780 qui
1626 5712 1743 5774 viderint
1759 5723 1785 5774 tc
1804 5714 1973 5785 ingentibus

1193 5797 1408 5866 «obstupescent
1427 5812 1508 5868 super
1531 5808 1567 5854 te.
1594 5800 1674 5857 Nihili
1695 5802 1782 5860 iactus
1801 5820 1847 5869 cs,
1868 5813 1896 5860 et
1919 5821 1973 5858 non

1194 5906 1203 5937 r
1219 5888 1273 5943 eris
1290 5889 1316 5943 in
1331 5898 1500 5960 perpetuum.
1515 5911 1526 5951 r
1543 5890 1690 5965 (Dieron.)
1708 5893 1776 5960 eria
1794 5894 1914 5950 diximus
1926 5896 1972 5965 qui

1191 5980 1226 6034 sit
1250 5980 1374 6050 princeps
1392 5980 1466 6052 Tyri,
1490 5990 1517 6037 ct
1535 5984 1667 6053 qnunrurlu
1683 5985 1817 6039 corruerit
1834 5984 1970 6056 superbia,
