4500 6842
248 662 304 717 729
731 650 906 709 COMMENT.
926 651 960 706 lN
981 642 1207 707 Ezucfltttdsst.
1227 683 1262 692 —
1281 650 1345 707 ΗΒ.
1367 651 1412 706 tx.
1829 653 1880 707 tto

251 792 260 823 a
282 772 352 827 Eece
364 783 414 841 ego
426 765 460 821 ad
473 775 499 822 te
510 771 537 821 et
549 762 654 835 ejiciam
666 761 784 834 gladium
799 776 887 816 mcum
899 761 932 816 de
943 760 1038 831 ragina
1053 763 1076 822 Α
1091 769 1166 815 tartta
1187 770 1299 816 cunctos
1317 759 1459 830 occupabit
1480 760 1631 831 trepidatio,
1649 771 1730 831 atque
1750 759 1876 832 fortuito,

251 885 261 915 ι
281 878 342 926 sna,
359 870 388 916 et
404 858 526 914 occidam
549 858 576 911 in
597 867 624 910 te
637 856 738 927 justum
755 862 783 909 et
798 854 920 924 impium.
934 853 988 908 Pro
1006 867 1038 908 cc
1091 854 1238 920 ut,titnorc
1259 862 1383 926 cogente,
1406 862 1480 909 artus
1494 861 1521 909 et
1534 856 1639 911 uiscera
1653 855 1835 912 dissolvantur
1851 867 1879 913 et

251 974 262 1006 ι
280 963 371 1007 autem
385 947 455 1020 quoti
468 948 555 1002 occidi
574 946 600 1001 in
616 956 642 1000 te
657 946 759 1016 justum
778 951 805 999 ct
824 944 946 1013 impium,
964 957 1041 1013 egre-
1092 942 1181 998 resina
1194 943 1334 1001 humorem
1355 954 1448 1000 tenere
1465 961 1518 1000 non
1530 946 1629 1012 valeat,
1644 947 1680 1001 ita
1695 955 1724 1001 ut
1736 949 1812 1003 urina
1830 965 1879 1020 ge·

252 1064 261 1094 ι
280 1043 368 1098 dictur
381 1038 486 1111 gladius
498 1050 574 1091 meus
586 1036 620 1090 de
630 1036 724 1106 ragina
739 1049 786 1088 sua
809 1033 842 1087 ad
858 1047 966 1087 omnem
980 1047 1041 1086 ear-
1090 1048 1143 1088 nna
1153 1032 1321 1103 polluantnr;
1333 1036 1457 1090 naturaie
1470 1044 1511 1091 est
1524 1037 1596 1091 enim
1610 1045 1638 1092 ut
1654 1038 1751 1093 timore
1767 1048 1880 1109 cogente

251 1152 261 1185 ι
281 1145 343 1187 nem
356 1130 391 1184 ab
405 1134 498 1183 austro
512 1127 547 1182 ad
562 1124 725 1196 aquilonem,
746 1131 773 1179 et
787 1124 855 1178 sciet
868 1122 956 1178 omnis
976 1137 1040 1177 caro
1091 1125 1180 1182 vesica
1196 1125 1313 1192 laxetur,
1327 1136 1355 1182 et
1372 1127 1501 1183 adversus
1513 1128 1630 1184 hominis
1650 1128 1815 1184 uoluntatem
1830 1131 1881 1185 ltu·

251 1244 260 1276 t
278 1222 342 1293 quia
355 1234 406 1292 ego
417 1218 497 1274 eduxi
512 1216 630 1288 gladium
644 1231 733 1271 meum
748 1216 781 1270 tie
800 1215 895 1287 vagina
908 1230 957 1270 sua
973 1216 1040 1270 irre·
1090 1229 1150 1269 mor
1163 1214 1270 1270 deliuat.
1285 1213 1361 1283 Quod
1376 1217 1483 1286 quidem
1494 1224 1521 1272 et
1534 1217 1560 1272 in
1576 1220 1731 1272 morborum
1747 1219 1880 1290 magnitu-

257 1331 266 1364 ι
284 1309 523 1376 rotabilemsetc.
536 1305 603 1373 Quia
618 1320 699 1376 snpra
709 1304 888 1375 dixeratdpsi
901 1303 994 1360 dicunt
1007 1304 1040 1359 de
1090 1304 1153 1361 dine
1173 1306 1295 1362 accidere
1313 1307 1401 1373 sciet,
1422 1314 1452 1362 ut
1473 1316 1614 1377 postquam
1637 1308 1710 1363 vires
1732 1308 1880 1364 defecerim

249 1400 433 1472 rne,nunquid
443 1414 497 1454 non
508 1412 557 1469 per
567 1396 708 1468 parabolas
717 1396 838 1467 loquitur
847 1396 950 1452 istelet
962 1411 1040 1467 aper-
1090 1396 1880 1470 mgmtantium,nonsoiunrgenua,sedetleetulipolluan-

249 1504 307 1549 tarn
326 1491 441 1563 populus
453 1488 613 1546 sententiam
627 1485 773 1557 flagitabat
790 1487 892 1541 idcireo
910 1484 1040 1540 Dominus
1091 1493 1145 1540 tur.
1163 1486 1243 1550 Ecce,
1257 1486 1354 1557 inquit,
1366 1487 1440 1543 venit
1452 1488 1522 1557 qnod
1533 1502 1604 1556 saepe
1617 1488 1738 1557 predixi,
1754 1497 1781 1543 et
1796 1502 1879 1557 opere

248 1583 277 1639 id
290 1581 361 1651 qnod
374 1594 425 1652 per
436 1576 621 1649 metaphoram
639 1576 696 1631 sire
716 1573 883 1645 parabolam,
902 1582 939 1640 et,
950 1581 981 1630 at
994 1574 1039 1629 aiii
1090 1575 1249 1647 completur,
1266 1590 1298 1632 ac
1310 1575 1366 1643 liet,
1384 1580 1455 1648 qnod
1468 1591 1522 1632 non
1545 1592 1604 1649 ego,
1628 1577 1676 1634 sed
1693 1577 1822 1634 [ιοιιιιιιιιε
1838 1586 1881 1633 est

248 1678 369 1735 vertere,
389 1665 573 1737 proverbium,
590 1673 633 1719 est
650 1663 764 1727 loeutus,
786 1679 857 1719 nunc
870 1663 1041 1719 manilestius
1090 1665 1205 1723 locutus·
1222 1665 1285 1723 Seio
1298 1668 1441 1737 quemdam
1456 1668 1483 1722 in
1500 1668 1661 1744 contritione
1673 1666 1835 1732 lumborum,
1853 1676 1881 1723 et

248 1759 382 1829 loquitur,
391 1756 476 1812 saltus
486 1752 578 1825 Nageb
597 1761 624 1807 et
637 1752 735 1807 Darem
746 1759 774 1807 et
786 1751 905 1807 Theman
923 1767 983 1807 esse
995 1741 1040 1808 Je-
1090 1755 1234 1812 duentibus
1243 1757 1321 1827 aquis
1334 1757 1417 1812 muita
1431 1758 1587 1813 testimonia
1599 1758 1753 1828 replicasse,
1769 1766 1799 1812 ιιι
1812 1758 1880 1812 Ριο·

248 1848 379 1912 rusaiem,
391 1856 418 1902 et
430 1844 559 1914 nmmum
573 1843 646 1898 iilius
660 1849 752 1898 sancta
767 1850 932 1907 sanctorum,
944 1853 970 1898 et
979 1856 1039 1896 om·
1090 1845 1178 1915 pinetae
1192 1846 1304 1902 castitas
1315 1847 1482 1917 impleretur,
1496 1857 1525 1903 et
1535 1849 1685 1903 amaritudo
1700 1850 1779 1902 animi
1792 1856 1821 1903 et
1834 1848 1882 1903 do·

248 1953 313 1994 nem
329 1932 802 2003 terramtudeaenammamquequae
815 1934 990 1987 combustura
1004 1932 1040 1987 sit
1090 1934 1133 1990 lor
1159 1936 1257 1991 mentis
1282 1937 1416 1997 internus.
1440 1938 1511 2008 quoti
1536 1953 1613 2008 aquae
1635 1939 1768 1993 seminum
1793 1953 1880 2009 genua

248 2029 350 2086 saltum
362 2026 475 2099 intelligi
490 2024 607 2096 gladium
622 2025 805 2090 devorantem,
819 2025 864 2093 qui
878 2025 992 2080 eductus
1004 2025 1040 2079 sit
1089 2023 1221 2093 polluant,
1242 2022 1288 2080 sed
1306 2025 1363 2080 iraec
1380 2026 1514 2096 expositio
1531 2025 1565 2082 ad
1580 2036 1739 2097 praesentem
1752 2040 1805 2081 non
1818 2041 1881 2098 per·

248 2124 283 2177 (le
301 2118 399 2189 ragina
422 2129 471 2171 sua
487 2122 516 2170 ut
532 2114 677 2171 interliciat
690 2115 801 2184 implum
821 2122 848 2169 et
859 2115 974 2186 justum,
989 2115 1041 2170 hcc
1054 2122 1079 2183 B
1093 2118 1159 2172 tinet
1172 2117 1271 2171 toeum.

247 2218 292 2265 est
302 2209 375 2264 enim
385 2208 487 2278 lignum
499 2206 584 2261 tiride
597 2214 623 2261 et
635 2206 750 2261 aridum.
762 2205 839 2261 Unde
851 2214 879 2261 et
889 2205 1038 2262 Dominus:
1131 2226 1140 2259 ι
1158 2207 1191 2261 Ει
1210 2205 1297 2262 lactus
1309 2215 1350 2261 est
1363 2221 1452 2262 sermo
1463 2207 1569 2261 Domini
1581 2207 1613 2262 ad
1630 2222 1685 2272 me,
1699 2206 1793 2261 dicens
1808 2224 1814 2261 ι
1830 2206 1881 2261 Fili

250 2321 261 2351 ι
280 2300 310 2356 Si
326 2299 354 2354 in
366 2298 448 2370 ligno,
463 2298 511 2363 ait,
527 2296 606 2352 uiridi
621 2306 695 2353 tanta
707 2296 821 2360 laeiunt,
839 2298 867 2352 ia
886 2298 958 2353 sicco
976 2298 1040 2368 quid
1094 2317 1104 2351 ι
1122 2297 1249 2363 bominis,
1271 2298 1401 2367 propbeta
1424 2306 1452 2351 et
1471 2297 1567 2352 dices:
1591 2296 1653 2351 llaec
1671 2295 1734 2350 dicit
1753 2295 1882 2350 Dumium

248 2388 371 2443 lacientl
391 2391 404 2440 's
421 2385 496 2459 (bue.
510 2384 602 2457 ιιιιι.)
617 2385 748 2456 Quodque
770 2386 806 2440 ibi
827 2387 933 2441 dixerat
953 2404 960 2441 :
978 2405 988 2438 t
1007 2388 1041 2442 Et
1094 2406 1104 2439 t
1123 2387 1195 2443 [letis
1206 2404 1213 2441 ε
1225 2387 1358 2458 Loquere,
1374 2387 1487 2459 gladius,
1496 2388 1601 2458 gladius
1611 2396 1743 2441 exacutus
1755 2393 1842 2451 est,et
1850 2386 1882 2439 ii·

247 2480 352 2535 ridebit
373 2478 499 2533 universa
520 2493 585 2533 earo
607 2479 670 2547 quia
690 2492 740 2550 ego
761 2478 889 2533 Dominus
914 2479 1040 2535 succendi
1094 2500 1103 2535 ι
1122 2490 1258 2545 matus,ut
1268 2481 1354 2537 caedat
1364 2481 1498 2546 victimas,
1510 2487 1639 2535 exacutus
1650 2490 1701 2544 est,
1713 2488 1778 2534 etut
1790 2480 1882 2550 splen·

248 2584 326 2633 eam,
344 2568 419 2625 abac
431 2575 473 2623 est
486 2566 580 2623 siluam
594 2567 651 2621 sire
665 2566 810 2633 dammam
822 2581 871 2622 nec
886 2568 1042 2639 exstingue·
1094 2592 1104 2626 t
1121 2572 1182 2627 (leat
1201 2572 1310 2626 limatus
1330 2579 1382 2637 est,
1405 2573 1450 2641 qui
1475 2585 1566 2625 mores
1582 2577 1723 2639 ¹sceptrum
1745 2570 1792 2625 ltili
1816 2572 1881 2635 mei,

249 2668 308 2724 tur,
323 2658 388 2713 bine
401 2658 461 2713 aliis
473 2658 564 2713 serbis
576 2657 695 2726 loquitur
710 2671 718 2710 a
734 2656 768 2712 llt
781 2658 849 2712 sciat
863 2659 951 2713 omnis
965 2672 1039 2722 earn,
1093 2684 1103 2712 ι
1121 2662 1259 2717 succidisti
1269 2677 1349 2716 omne
1358 2662 1469 2732 iignum.
1482 2661 1583 2715 Etdedi
1597 2677 1659 2716 eum
1669 2660 1703 2714 ad
1713 2659 1881 2731 ieiigandum

249 2751 314 2822 quia
327 2764 379 2821 ago
391 2749 520 2804 {lominus
539 2747 619 2803 edusi
639 2745 755 2818 gladium
776 2762 864 2802 meum
888 2749 921 2802 de
944 2748 1039 2817 vagina
1094 2773 1104 2805 ι
1121 2763 1152 2808 ιιι
1172 2761 1294 2809 tencatur
1306 2768 1396 2807 rnattn.
1410 2753 1461 2808 istc
1472 2763 1601 2808 exacutus
1614 2761 1657 2808 est
1666 2753 1782 2823 gladius,
1793 2760 1821 2806 et
1833 2752 1883 2805 iste

250 2860 301 2899 sna
322 2842 536 2899 irrevocabilem.
560 2862 570 2896 ι
596 2843 665 2898 lere
685 2842 757 2896 enim
778 2850 872 2897 contra
891 2842 1040 2897 Jerusalem
1094 2861 1104 2895 ι
1122 2842 1232 2898 limatus
1243 2850 1294 2907 est,
1307 2849 1337 2896 ut
1349 2842 1385 2896 sit
1397 2843 1424 2896 in
1437 2855 1518 2896 mann
1533 2841 1737 2907 interliclentis;
1751 2841 1839 2896 clama
1853 2849 1884 2895 et·

249 2951 305 2991 nnn
317 2944 360 2991 est
372 2932 477 2989 datum
490 2933 577 3005 sopita
587 2949 637 2990 nec
645 2934 809 2989 exstinctum
817 2934 981 3000 incendium,
990 2950 1040 2989 nec
1097 2950 1106 2985 ι
1124 2932 1206 2997 ulula,
1216 2931 1252 2986 illi
1260 2930 1386 2995 hominis,
1398 2931 1513 3000 quiairic
1523 2930 1611 2987 laetus
1620 2931 1694 2986 estin
1705 2930 1881 3001 populosaen.

250 3033 396 3083 resocatus
410 3025 524 3098 gladius,
540 3025 602 3095 quia
621 3024 755 3079 medicum
770 3033 876 3095 tempus
892 3025 918 3079 in
939 3025 1039 3090 medio,
1096 3042 1106 3074 ι
1123 3020 1172 3077 lile
1186 3023 1213 3077 in
1228 3023 1333 3077 erraretis
1346 3022 1458 3077 ducibus
1475 3022 1569 3085 lsrael,
1584 3024 1628 3091 qui
1652 3020 1775 3093 ingerant
1794 3022 1883 3093 gladic

250 3124 278 3171 et
297 3114 448 3171 Jerusalem
466 3129 527 3171 cum
543 3114 643 3185 templo
662 3131 711 3170 suo
730 3115 878 3186 Babylonio
901 3116 961 3187 igne
980 3131 1041 3171 suc·
1095 3133 1105 3166 ι
1123 3115 1216 3169 traditi
1230 3122 1362 3169 suntcnna
1379 3113 1478 3184 populo
1490 3128 1561 3169 meo.
1577 3113 1680 3168 idcireo
1692 3112 1788 3184 plaude
1801 3127 1883 3183 super

251 3223 334 3264 censa
349 3216 400 3264 est
1096 3222 1104 3256 ι
1124 3204 1292 3274 lernur‚quia
1304 3203 1667 3274 prolutuscst,ethoc,cum
1677 3210 1811 3273 sceptrum
1821 3205 1885 3257 sub·

291 3317 302 3350 ι
318 3299 354 3353 Et
363 3307 402 3363 tn,
422 3297 459 3352 fili
470 3296 598 3364 bominis,
607 3296 753 3369 ingemisce
765 3298 791 3352 in
802 3299 963 3354 contritione
973 3299 1042 3353 ium-
1095 3314 1105 3346 ι
1122 3296 1234 3349 verterit
1244 3303 1271 3348 et
1282 3309 1334 3349 non
1343 3295 1405 3357 erit,
1413 3295 1477 3349 dicit
1488 3294 1704 3349 bominuslteus.
1713 3294 1753 3348 Tu
1763 3307 1837 3364 ergo,
1846 3292 1882 3347 lili

254 3413 263 3445 t
279 3392 389 3457 borum,
401 3398 429 3445 et
441 3391 468 3444 in
480 3388 703 3445 amaritudinibus
719 3390 864 3461 ingemisce
877 3404 968 3445 eoram
989 3391 1039 3446 eis.
1096 3405 1105 3438 ι
1123 3387 1252 3452 bominis,
1263 3383 1403 3457 propheta,
1420 3394 1447 3440 ct
1458 3388 1569 3455 percute
1580 3400 1661 3440 manu
1674 3385 1708 3441 ad
1723 3400 1843 3449 manum,
1856 3392 1884 3438 et

254 3502 264 3533 ι
282 3482 406 3552 cumque
420 3480 536 3535 diaerim
550 3480 583 3534 ad
603 3487 652 3535 te:
669 3480 759 3547 Quare
778 3490 805 3535 tu
827 3481 928 3550 gemis?
944 3481 1039 3537 dices:
1055 3479 1077 3541 c
1096 3494 1107 3527 ι
1123 3475 1389 3547 dupliceturgiadius
1408 3491 1440 3531 ac
1451 3476 1600 3546 triplicetur
1614 3476 1718 3548 gladius
1730 3475 1886 3531 interlecto-

254 3593 264 3625 ι
282 3571 339 3626 Pru
356 3570 459 3635 auditu,
479 3569 542 3639 qnia
559 3570 634 3624 venit
653 3576 681 3624 et
702 3570 821 3625 tabescet
838 3585 920 3626 omne
939 3586 998 3636 eor,
1015 3581 1044 3628 et
1097 3588 1106 3622 ι
1124 3585 1184 3624 rum
1201 3589 1208 3625 :
1223 3570 1268 3625 iric
1287 3578 1329 3624 est
1348 3569 1452 3640 gladius
1473 3570 1617 3624 occisionis
1637 3584 1751 3639 maguae,
1768 3569 1813 3638 qni
1836 3568 1885 3622 ob-

254 3659 465 3715 rutissolrentur
495 3660 627 3715 universa
655 3674 769 3725 mantis,
804 3670 832 3714 et
864 3662 1045 3717 infirmabitur
1097 3669 1279 3730 «stupescere
1297 3675 1344 3716 cos
1359 3660 1423 3714 lacit
1442 3668 1470 3713 et
1492 3659 1574 3714 corde
1593 3660 1743 3723 tabescere,
1758 3658 1886 3713 etmulti·

254 3770 265 3803 ι
282 3750 374 3805 omnis
389 3750 508 3821 spiritns,
530 3757 558 3805 et
576 3765 624 3821 per
637 3759 734 3806 cuneta
754 3765 839 3821 genua
853 3752 938 3808 liuent
951 3769 1042 3823 aquae3
1097 3770 1107 3802 ι
1125 3751 1207 3821 plicat
1220 3752 1321 3830 ruinas.
1334 3750 1364 3804 1ιι
1380 3750 1506 3804 omnibus
1526 3750 1612 3819 portis
1628 3763 1721 3803 eornm
1738 3747 1798 3802 dedi
1819 3764 1885 3803 con·

256 3864 265 3897 r
283 3859 350 3901 ecoe
369 3843 443 3900 venit
463 3851 491 3898 et
513 3842 570 3909 liet,
591 3844 630 3897 ait
648 3842 777 3900 Dominus
798 3844 879 3901 Deus.
898 3864 907 3897 ι
924 3847 1044 3902 Primum
1097 3840 1307 3896 «turbationem
1329 3841 1409 3910 gladii
1430 3840 1502 3895 acuti
1522 3849 1548 3893 et
1568 3838 1653 3892 limati
1669 3838 1702 3892 sd
1719 3836 1883 3908 tutgendum,

252 3939 379 3994 dixeras:
390 3956 400 3988 ι
410 3934 612 3993 vaticinarevet
621 3936 691 3991 stttta
700 3934 733 3990 ad
747 3946 878 4001 arsuram,
891 3935 1004 3993 atricum
1017 3947 1044 3994 et
1098 3951 1108 3984 ι
1126 3931 1217 3987 amicti
1230 3931 1263 3986 ad
1277 3932 1387 3986 cedern.
1399 3930 1548 3993 Exeruere,
1560 3929 1627 3984 rade
1636 3929 1669 3983 ad
1683 3931 1819 3983 dexteram
1828 3929 1885 3984 sive

253 4026 407 4091 meridiem,
427 4034 455 4081 et
471 4025 505 4080 ad
526 4025 624 4081 saltum
640 4026 830 4082 meridianum.
849 4048 859 4079 ι
883 4029 960 4097 Quod
982 4031 1044 4099 quia
1098 4042 1107 4076 ι
1127 4025 1161 4079 ad
1179 4023 1318 4079 sinistram
1332 4036 1491 4092 quocunqne
1514 4021 1591 4075 taciei
1607 4027 1660 4074 tuae
1678 4028 1721 4075 est
1740 4022 1883 4089 appetitus,

253 4114 399 4172 videbatur
415 4116 569 4181 obscurum,
582 4116 692 4171 etdicta
708 4118 845 4187 prophetae
865 4117 980 4189 populns
999 4129 1052 4177 ne-'
1098 4134 1109 4167 ι
1126 4116 1191 4187 quin
1204 4123 1232 4170 et
1243 4130 1293 4186 ego
1310 4114 1435 4184 plaudam
1455 4129 1536 4168 mann
1552 4116 1586 4169 ad
1598 4130 1715 4177 manum,
1729 4122 1755 4169 ct
1770 4113 1886 4182 implebo

253 4205 369 4269 sciebat,
390 4205 507 4260 secutmo
520 4206 628 4275 ponitur
651 4205 831 4273 manifestius,
849 4208 946 4263 saltum
961 4211 1046 4265 meri-
1099 4227 1108 4259 t
1129 4208 1339 4277 indignationem
1351 4221 1450 4270 meam,
1465 4221 1514 4277 ego
1530 4207 1658 4262 Dominus
1668 4208 1774 4262 locutus
1786 4220 1856 4271 sum,
1873 4226 1882 4259 ι

254 4296 367 4351 dianam
377 4311 437 4352 esse
445 4295 638 4363 ierusalem,et
645 4312 739 4352 omnes
749 4297 1047 4358 inlrucutosasarbores
1096 4304 1149 4352 etc.
1170 4295 1281 4350 diuitum
1294 4303 1336 4350 est
1348 4296 1370 4348 si
1386 4303 1528 4365 utramque
1540 4311 1637 4366 ponam
1650 4298 1804 4363 editionem,
1816 4306 1843 4352 et
1855 4297 1887 4351 ii-

253 4388 288 4442 atl
300 4401 417 4457 quarum
427 4387 532 4443 radices
545 4388 648 4443 securis
657 4388 743 4457 posita
757 4389 803 4453 sit,
818 4389 929 4461 intelligi
941 4391 1048 4447 babila·
1096 4388 1206 4442 brunam
1219 4387 1373 4441 extenditur
1384 4387 1533 4457 longitudo,
1549 4388 1667 4443 maxime
1683 4390 1729 4443 nbi
1753 4398 1800 4443 aut
1814 4390 1885 4444 nulla

254 4488 330 4534 tores
353 4478 413 4549 ejus
438 4478 611 4550 gladiumque
637 4480 808 4550 interpretari
835 4496 885 4552 pro
910 4483 1044 4540 incendio,
1097 4484 1238 4545 autparva
1253 4476 1380 4530 distantia
1403 4486 1454 4540 est,
1472 4490 1568 4546 ponam
1581 4477 1664 4548 igitur
1683 4477 1810 4533 nonnulla
1827 4493 1887 4549 quac

254 4569 351 4626 uerno
362 4569 473 4639 ιιιιειιιι
488 4570 625 4641 prophete
635 4583 665 4626 ιιι
677 4572 827 4628 tacendum
842 4572 954 4630 illisnee
965 4574 1049 4630 inter-
1097 4568 1253 4637 discrepant
1265 4582 1315 4637 pro
1326 4568 1442 4636 eoquod
1457 4567 1714 4634 nosdisinrustltui
1727 4583 1888 4624 marcesce-

254 4659 415 4732 rugantibus
432 4671 482 4714 cur
499 4660 550 4715 ista
566 4655 728 4718 vaticinatus
749 4664 794 4729 sit,
818 4662 901 4719 laetat
920 4680 970 4736 per
987 4680 1049 4738 qum
1097 4666 1187 4728 ptrurn
1198 4657 1245 4712 tilii
1260 4658 1323 4723 mei,
1339 4657 1477 4713 succidisti
1496 4671 1577 4712 cmrte
1591 4657 1702 4727 iignum.
1719 4656 1782 4711 »lili
1797 4666 1886 4721 trans·

254 4751 448 4821 interrogetur,
459 4758 486 4804 et
499 4751 660 4820 respondeat
669 4766 729 4823 quae
741 4754 869 4809 ιιιιιιιιιιιιε
879 4756 1045 4812 estloeutus.
1098 4751 1244 4816 tniemnt,
1275 4768 1285 4802 ι
1315 4750 1455 4812 interlice,
1485 4759 1645 4816 contemne,
1680 4749 1779 4818 repelle
1806 4765 1888 4806 omne

253 4838 416 4909 ingemisce,
429 4836 563 4907 inquit‚et
573 4836 641 4905 ejula
683 4855 736 4896 nnn
750 4840 802 4896 leri
817 4856 883 4898 tuce
894 4856 944 4898 nec
955 4842 1048 4899 dolore
1063 4815 1210 4913 ¹'lignum
1230 4859 1240 4893 ι
1262 4841 1378 4895 llursnm
1392 4840 1437 4894 ubl
1454 4855 1502 4894 nos
1521 4841 1652 4904 diximus,
1672 4838 1748 4905 «Qui
1764 4839 1887 4912 ingerant

253 4930 409 4992 moderato.
432 4930 481 4985 sed
493 4928 520 4983 ia
534 4930 696 4987 contritione
708 4931 869 5000 lumborum,
883 4941 914 4989 ut
933 4935 1047 5004 gemitus
1099 4932 1189 5002 gladio
1215 4930 1305 4985 traditi
1328 4936 1402 4996 sunt,
1422 4948 1431 4981 ι
1450 4937 1479 4983 et
1498 4929 1535 4982 illi
1562 4936 1589 4982 et
1611 4929 1655 4983 alli
1682 4931 1885 4999 transtulerunt,

254 5030 369 5077 tusses
383 5019 446 5075 imis
457 5020 608 5076 uisceribns
624 5029 653 5076 et
667 5023 845 5079 amaritudine
859 5025 941 5080 animi
956 5024 1047 5095 prole·
1103 5039 1113 5071 ι
1126 5019 1246 5090 hospites
1254 5019 1307 5074 mci
1319 5020 1375 5075 slve
1384 5019 1560 5073 habitatores.
1572 5037 1581 5070 ι
1593 5018 1625 5072 Et
1635 5020 1680 5074 tabi
1690 5034 1739 5075 nos
1748 5020 1865 5079 diximus
1877 5041 1884 5079 :

240 5120 346 5167 ratur.
367 5108 401 5162 Et
412 5106 556 5164 troclacies
570 5123 661 5163 ceram
674 5110 723 5176 eis,
735 5119 766 5165 nt
781 5126 842 5167 cum
858 5121 884 5168 te
898 5114 1048 5184 interroga·
1104 5129 1114 5163 ι
1132 5112 1232 5166 Plaude
1256 5125 1338 5181 super
1356 5108 1455 5175 lemur,
1478 5129 1488 5161 ι
1505 5110 1542 5163 iili
1565 5120 1725 5178 posuenmt,
1749 5112 1888 5170 «Pereunt

253 5200 348 5254 serint
365 5212 415 5253 eur
429 5205 507 5253 tanto
523 5200 624 5268 gemitu
635 5202 794 5265 conteraris,
808 5204 911 5273 etquid
923 5205 970 5260 tibi
983 5205 1045 5259 maii
1098 5218 1191 5257 manu.
1218 5220 1229 5254 ι
1247 5201 1280 5255 Et
1299 5201 1344 5256 ubi
1364 5200 1572 5255 transtulimus:
1592 5220 1602 5252 ι
1620 5201 1654 5255 iit
1675 5203 1726 5257 boc
1748 5218 1810 5258 cum
1829 5219 1885 5259 see·

253 5288 400 5352 secidcrit,
423 5296 455 5341 nt
476 5288 517 5343 sic
540 5288 717 5358 ingemescas,
738 5298 765 5345 tu
786 5292 825 5347 eis
845 5308 905 5347 meo
923 5307 1050 5349 sermone
1097 5300 1187 5361 ptrum
1202 5288 1512 5355 subvertericsillorum
1522 5289 1707 5358 habetatum,
1721 5292 1829 5346 «tribas
1843 5308 1888 5348 re-
1948 5298 1951 5305 '

255 5377 444 5447 respondeas:
458 5376 559 5432 idcirce
576 5377 682 5450 plango,
704 5388 732 5434 et
750 5381 869 5436 delorem
889 5383 979 5438 cordis
995 5384 1047 5438 mei
1099 5383 1176 5454 pulsa
1188 5392 1239 5437 est.
1255 5402 1265 5434 ι
1284 5382 1416 5451 Loquitur
1429 5390 1518 5437 antem
1531 5382 1565 5437 ad
1582 5382 1700 5453 gladium
1714 5383 1889 5440 Nabucnodo-

254 5466 431 5522 dissimulare
441 5482 494 5522 non
507 5468 593 5532 salec,
607 5469 670 5539 qnia
682 5470 788 5525 auditus
799 5472 845 5542 qui
859 5485 966 5541 semper
980 5474 1048 5530 nteis
1100 5488 1193 5535 nosor,
1201 5480 1230 5525 ut
1242 5472 1331 5526 veniat
1341 5478 1434 5526 contra
1445 5470 1605 5537 ierusalem,
1616 5482 1644 5528 et
1652 5483 1799 5529 exacuatur
1808 5482 1889 5543 atquc

253 5556 549 5623 auribnsiusonnerat,
563 5573 644 5628 opere
656 5559 938 5629 completur,etvenit
959 5563 1049 5618 immi·
1100 5562 1217 5625 limetur,
1239 5560 1338 5616 multos
1357 5562 1428 5616 enim
1449 5576 1510 5616 esse
1525 5564 1681 5629 cedendas,
1700 5572 1727 5618 et
1747 5565 1781 5619 ad
1801 5565 1888 5633 ipsum

254 5663 327 5704 netas
341 5646 467 5704 videlicet
482 5648 620 5721 Babylonii
633 5648 748 5704 larentia
762 5652 910 5718 exereitus3
923 5652 968 5722 qui
985 5668 1047 5709 cnm
1100 5653 1292 5725 apostropham
1306 5650 1370 5708 lacit
1383 5651 1442 5706 :Tu
1456 5667 1486 5708 es
1499 5654 1545 5724 qni
1558 5668 1649 5709 moves
1662 5664 1742 5724 atque
1756 5653 1890 5709 subsertis

251 5738 366 5794 renem
380 5745 409 5793 et
423 5736 564 5792 vallaverit
576 5736 737 5805 lentsalem,
750 5745 815 5793 tunc
830 5739 949 5796 tabescet
969 5756 1049 5797 omns
1099 5754 1236 5814 sceptrum
1252 5743 1300 5799 lllii
1315 5743 1379 5810 mei,
1399 5743 1542 5814 imperium
1556 5743 1680 5801 uidelicet
1691 5745 1780 5817 pepuli
1795 5744 1888 5814 lsrael,

252 5843 319 5891 eor,
339 5835 369 5883 et
386 5826 567 5883 dissolventur
579 5828 712 5883 uniret-sse
729 5842 835 5892 manns,
853 5840 882 5883 ot
900 5838 1049 5900 occupante
1100 5845 1127 5891 et
1137 5848 1215 5890 ntnne
1228 5833 1328 5906 iignum
1349 5833 1475 5902 succidis,
1489 5834 1643 5890 universam
1660 5834 1750 5904 popuii
1767 5833 1889 5889 multitu-

251 5930 361 5986 parore
376 5924 481 5973 mentes
494 5917 643 5983 borninum,
660 5918 748 5973 nullus
768 5919 866 5972 audeat
886 5935 1047 5992 repugnare.
1099 5926 1199 5980 dinem.
1217 5924 1292 5987 Dedi,
1303 5923 1490 5993 inquitisum
1502 5924 1619 5996 gladium
1631 5932 1661 5978 ut
1674 5930 1798 5979 teneatur
1809 5940 1890 5980 manu

254 6008 445 6066 ustimtabitur
464 6010 537 6067 enim
558 6011 679 6067 munium
700 6011 859 6068 bellatorum
879 6013 999 6083 spiritns,
1022 6023 1049 6070 et
1101 6014 1347 6071 Nalrrreltodonesor
1365 6024 1393 6071 et
1414 6014 1492 6070 sitin
1516 6029 1598 6071 nranu
1621 6013 1672 6068 siri
1696 6014 1889 6072 robustissimi.
