4500 6842
236 609 291 669 ιιι
713 608 892 669 cuonem.
911 609 945 665 m
965 606 1192 671 marmorea.
1213 642 1246 654 -
1266 608 1331 668 mn
1350 613 1393 671 m.
1474 597 1477 602 ’
1823 616 1876 676 aas

200 710 205 718 ’
234 725 307 782 baso,
317 718 509 793 quabreriter
519 719 570 777 sub
580 719 680 791 displici
695 721 833 779 intellectu
844 721 1031 786 discussimus,
1046 725 1071 785 Α
1085 722 1129 778 nis
1140 722 1253 780 verbum
1274 737 1328 780 oon
1346 722 1450 790 babuit,
1465 721 1529 794 quia
1546 731 1575 779 ct
1588 720 1648 793 eius
1662 723 1838 806 negligentia,
1850 744 1879 802 eg

235 813 325 886 planet
346 819 377 867 ut
394 810 474 882 juxta
492 809 739 866 considerationem
753 811 850 869 litterar
867 812 965 868 leniter
975 820 1033 869 tau-
1085 814 1204 871 illiorum
1216 814 1342 886 exigebat
1350 815 1416 880 rita,
1425 823 1455 870 ιιι
1465 830 1528 871 oum
1539 816 1578 871 eis
1588 824 1617 871 et
1629 815 1746 886 populus
1756 819 1877 886 caderet,

235 902 325 975 gendo
334 909 518 956 transeamus.
532 898 602 968 Quid
612 899 685 955 euim
700 900 817 978 amplius
827 895 876 972 per
885 902 944 973 ipsa
953 901 1034 959 rerba
1085 916 1114 963 et
1125 921 1192 962 arca
1204 905 1310 963 Domini
1323 913 1402 977 capta
1414 904 1449 960 ad
1459 904 1616 978 Alloplrylos
1627 888 1759 964 transiret
1772 905 1798 980 (l
1812 907 1878 982 disq.

236 995 372 1058 mem,
404 1007 487 1063 quam
511 992 597 1047 virtus
621 991 783 1048 obedientiae
810 993 1034 1062 commendatur,
1081 994 1132 1069 rr).
1151 995 1246 1068 Magoa
1267 995 1554 1073 enimlorunipotentis
1574 997 1621 1052 bei
1646 1006 1689 1054 est
1707 1000 1794 1071 gratia
1816 1017 1879 1057 οιιιιι

236 1101 298 1144 cum
312 1083 394 1143 modo
404 1084 431 1139 in
444 1083 708 1154 transmigrationem
717 1083 794 1152 iuxta
806 1081 917 1139 durium
926 1081 1037 1141 chobar
1086 1086 1179 1155 inique
1190 1086 1343 1157 agentibus,
1355 1087 1438 1142 durus
1451 1102 1466 1142 a
1481 1088 1637 1145 doctoribus
1649 1104 1740 1147 sonno
1753 1091 1881 1164 increpa·

236 1190 364 1248 pergere,
386 1174 468 1230 modo
491 1173 519 1229 in
536 1189 662 1244 campum
675 1174 780 1245 egredi,
797 1174 878 1231 modo
891 1188 925 1230 cx
939 1189 1037 1246 campo
1086 1174 1328 1248 tionisprolertur,
1344 1185 1506 1247 quocontra
1520 1194 1593 1234 nunc
1611 1180 1711 1236 dicitur
1728 1197 1734 1211 ·
1751 1200 1760 1233 ι
1778 1180 1813 1238 Et
1826 1185 1882 1239 eris

237 1268 272 1323 ad
286 1267 399 1323 domum
421 1265 510 1323 redire
529 1265 661 1336 propbeta
680 1264 846 1335 precipitur,
866 1274 897 1321 ut
911 1266 987 1337 prius
1001 1282 1036 1322 cs
1086 1277 1188 1335 mutus,
1196 1283 1247 1326 nec
1256 1268 1334 1340 quasi
1344 1269 1882 1343 virobjurgaos.›belloquemesetenim

233 1359 357 1431 jussione
370 1372 496 1429 pergens,
508 1366 537 1413 et
549 1356 629 1428 paulo
642 1364 703 1426 post
717 1357 823 1422 exiens,
837 1366 919 1428 atquc
938 1359 1036 1414 iterum
1086 1358 1266 1432 objurgasset,
1284 1359 1307 1414 si
1329 1359 1403 1430 digni
1425 1359 1482 1428 ipsa
1501 1358 1696 1430 objurgationis
1711 1363 1796 1433 gratia
1812 1361 1881 1419 iuis-

237 1450 348 1505 οοιιιιιιιι
370 1447 489 1513 rediens,
511 1447 734 1517 etsemetipsum
756 1446 907 1512 recludens,
931 1464 1038 1520 semper
1087 1458 1158 1505 serit.
1177 1449 1231 1505 Sed
1244 1465 1307 1504 curu
1320 1449 1348 1504 in
1362 1450 1486 1523 doctriua
1497 1460 1578 1521 atque
1589 1442 1699 1510 'silentio
1720 1455 1756 1510 sit
1769 1457 1882 1513 meritc·

237 1556 294 1598 suae
315 1539 463 1597 ιοΙιιοιοιὶι
487 1539 641 1603 arbitrium,
664 1539 697 1594 ad
721 1539 806 1595 divim
824 1539 922 1611 eloquii
936 1555 1038 1611 pracce-
1087 1555 1149 1596 rum
1160 1549 1234 1595 tanta
1251 1540 1405 1607 diremitas,
1419 1549 1449 1595 ut
1458 1542 1522 1597 sciri
1533 1540 1610 1598 facile
1619 1560 1673 1599 noo
1683 1547 1779 1614 possit,
1791 1557 1882 1603 utrum
1947 1559 1952 1567 ⁴

237 1639 315 1699 ριοιο
335 1627 455 1699 frangat,
478 1635 613 1698 quatenus
633 1628 660 1709 in
680 1629 783 1685 celesti
804 1630 909 1686 visione
924 1646 1038 1702 suspen·
1086 1646 1120 1685 ex
1134 1630 1303 1686 auditoribus
1321 1645 1356 1685 an
1370 1646 1405 1686 ex
1421 1629 1480 1698 ejus
1494 1631 1569 1696 vitio,
1584 1633 1630 1701 qui
1643 1632 1773 1690 doctrinm
1791 1635 1881 1692 locum

236 1738 296 1788 sos,
318 1738 372 1779 non
395 1738 482 1787 snam,
499 1722 548 1778 sed
562 1721 715 1778 Conditoris
738 1722 780 1778 sui
806 1723 972 1779 voluntatem
988 1725 1037 1780 im·
1087 1721 1194 1777 videtur
1218 1730 1327 1788 tenere,
1352 1721 1466 1777 docendi
1491 1737 1580 1778 sermo
1606 1724 1792 1792 subtrahetur,
1818 1729 1883 1796 quid

236 1816 333 1885 pleat!
345 1814 395 1872 Cui
421 1816 540 1871 dicitur:
558 1834 567 1866 ι
582 1814 616 1869 Et
635 1822 674 1879 tu,
694 1814 731 1868 dli
748 1815 876 1881 hominis,
888 1831 952 1872 ecce
974 1816 1037 1872 data
1088 1812 1160 1867 aliud
1174 1811 1262 1878 nobis,
1287 1827 1368 1882 quam
1390 1826 1501 1868 serrare
1523 1813 1630 1883 semper
1647 1814 1675 1868 in
1697 1815 1778 1870 rebus
1793 1815 1883 1872 dubiis

236 1921 323 1978 super
346 1914 374 1962 te
393 1914 457 1961 sunt
479 1904 595 1970 vincula,
614 1913 642 1958 et
661 1904 784 1975 ligabunt
798 1913 825 1960 te
840 1906 867 1961 in
880 1907 930 1971 eis,
944 1914 1037 1964 etnon
1060 1898 1068 1918 ⁸
1087 1903 1227 1960 huruilitas
1245 1902 1367 1974 iubetur,
1391 1911 1421 1958 ut
1442 1911 1470 1958 οι
1491 1903 1599 1973 qnando
1622 1904 1695 1975 loqui
1718 1921 1882 1975 possumus,

236 1998 389 2066 egredieris
411 1997 439 2051 in
460 1996 549 2052 medio
570 2009 702 2051 eorum.»
724 1994 783 2063 Qua
803 1995 832 2050 in
847 2009 876 2050 ro
890 1996 1036 2053 noandum
1087 2011 1140 2051 non
1165 1994 1335 2060 extollamur,
1360 2009 1394 2049 ne
1415 1995 1486 2051 iorte
1509 1997 1566 2051 bac
1589 1995 1647 2067 ipsa
1670 1996 1771 2054 locutio
1787 2007 1884 2056 nemra

236 2089 313 2158 quod
328 2087 443 2143 adversa
457 2087 587 2156 propbeta
604 2085 759 2154 praenoscit,
780 2093 811 2140 ut
830 2086 1035 2142 contraomnia
1050 2088 1073 2148 Β
1086 2085 1174 2156 gratia
1185 2100 1239 2140 uon
1256 2085 1344 2150 nobis,
1359 2086 1406 2142 sed
1420 2085 1589 2143 auditoribus
1602 2090 1703 2146 nostris
1714 2091 1812 2146 mllata
1834 2089 1884 2147 sitl

236 2188 363 2249 paretur.
377 2177 465 2234 liiuos
477 2177 549 2233 enim
563 2176 633 2230 mala
644 2187 740 2232 contra
751 2186 867 2232 mentem
879 2175 1035 2248 prevalent,
1087 2175 1122 2230 Et
1137 2190 1241 2243 rursus,
1261 2178 1368 2247 quaudo
1378 2176 1451 2246 loqui
1462 2193 1516 2233 nou
1529 2193 1684 2248 possumus,
1698 2181 1726 2235 bi
1744 2183 1790 2251 qul
1804 2183 1884 2238 nobis

236 2287 302 2342 qne
314 2271 452 2342 inopinata
464 2283 517 2325 raon
530 2268 652 2323 veniunt.
666 2268 700 2324 Et
711 2280 812 2336 nmen,
827 2268 890 2324 dum
900 2267 1036 2324 contraria
1087 2268 1227 2323 commissi
1247 2275 1320 2333 sunt,
1339 2267 1451 2323 minime
1473 2282 1524 2323 nos
1544 2267 1702 2338 dijudicent,
1717 2284 1752 2324 ue
1765 2269 1884 2327 tortasse

235 2371 456 2438 praenoscuntur,
471 2371 574 2434 quanta
600 2361 635 2417 sit
660 2361 687 2416 in
710 2376 744 2417 eo
767 2360 928 2417 obedientiae
951 2358 1037 2415 virtus
1088 2372 1143 2412 noo
1155 2372 1190 2413 ex
1203 2357 1368 2422 nostro,sed
1383 2372 1418 2413 ex
1433 2365 1545 2428 peccato
1558 2357 1726 2415 audientium
1744 2360 1818 2430 loqui
1833 2362 1884 2416 mi·

237 2454 404 2519 ostenditur,
422 2452 468 2524 qui
488 2459 515 2508 et
529 2451 678 2520 cognoscit,
693 2451 765 2521 quod
782 2450 896 2506 adversa
909 2464 1038 2520 passurus
1088 2452 1163 2507 nime
1180 2450 1327 2522 mimus.
1339 2450 1381 2506 Ad
1394 2449 1445 2506 lroc
1459 2466 1524 2521 ergo
1535 2450 1614 2507 nobis
1624 2459 1721 2509 cuneta
1731 2452 1766 2508 de
1778 2453 1886 2508 meritis

237 2553 294 2610 est,
310 2553 339 2602 et
359 2551 451 2599 manen
477 2542 538 2597 roci
555 2541 703 2597 [lominica
729 2540 885 2597 inobediens
907 2555 961 2597 non
984 2549 1036 2599 est
1088 2544 1191 2600 nosris
1203 2544 1308 2599 incerta
1326 2551 1401 2610 sunt,
1414 2552 1445 2599 ut
1455 2559 1538 2600 unam
1550 2552 1655 2602 certam
1664 2545 1779 2615 gratiam
1792 2553 1883 2603 ιοοοο·

237 2633 340 2705 lingna
361 2642 452 2689 autem
475 2631 693 2688 consideratione
719 2630 840 2702 indigent
863 2631 947 2686 rerba
977 2647 1039 2702 qua
1088 2649 1151 2693 mus
1167 2634 1337 2701 humilitatis,
1352 2642 1485 2705 quatenus
1498 2643 1527 2691 et
1542 2650 1593 2691 nos
1605 2650 1669 2692 cum
1682 2635 1829 2706 loquimur,
1849 2650 1885 2691 ex

236 2727 367 2800 protinus
388 2725 550 2781 adduntur:
574 2740 584 2776 ι
604 2722 638 2779 Ει
662 2722 780 2794 linguam
799 2731 874 2781 mann
899 2724 1039 2781 emerere
1088 2726 1283 2800 omnipotentis
1296 2726 1344 2782 liei
1368 2727 1450 2792 dono,
1470 2725 1523 2782 boc
1544 2734 1739 2782 essermtrum
1755 2726 1883 2781 meritum

237 2817 342 2875 faciam
364 2817 453 2890 palato
475 2827 531 2885 tuo,
547 2824 575 2872 et
594 2815 649 2872 oris
662 2823 761 2879 mutus,
780 2829 830 2872 nec
843 2815 921 2887 quasi
935 2815 978 2870 rir
990 2814 1039 2872 ob·
1088 2827 1226 2890 putemus.
1241 2803 1275 2873 Et
1287 2817 1568 2888 quandoalocutiooe
1579 2817 1884 2874 donrmeonnntesci-

234 2910 365 2982 jurgans.
384 2929 394 2963 s
407 2907 618 2965 discernendum
629 2905 729 2979 quippe
742 2904 821 2964 nobis
831 2913 874 2962 est
887 2914 976 2962 utrum
988 2921 1040 2978 pro
1089 2924 1162 2976 mus,
1176 2908 1302 2980 quamvis
1318 2917 1411 2965 nostra
1424 2908 1503 2980 culpa
1516 2909 1563 2975 sit,
1577 2922 1626 2964 ros
1640 2917 1730 2965 tamea
1744 2910 1814 2965 hacc
1824 2922 1886 2965 csse

239 3001 310 3059 solis
321 3002 400 3059 malis
412 3000 589 3066 auditoribus,
605 3014 639 3054 an
661 2999 805 3069 aliquando
817 2998 899 3055 ctiam
911 3012 961 3069 pro
973 2997 1040 3053 sitio
1090 3004 1210 3053 uestram
1234 2997 1388 3068 specialiter
1406 2996 1535 3063 credatis,
1552 3007 1581 3052 ut
1600 2996 1665 3054 dum
1680 2996 1800 3054 ricimiro
1813 2998 1885 3054 mals

240 3093 429 3166 μεοὶοοιιιὶο,
443 3091 643 3164 predicationis
657 3107 748 3148 sermo
765 3091 950 3148 subtrabatur.
967 3090 1040 3160 Qua·
1090 3086 1170 3144 uobis
1191 3083 1345 3153 tribuimus,
1368 3095 1397 3143 et
1414 3086 1485 3144 bona
1505 3087 1568 3143 aliis
1585 3103 1635 3159 per
1646 3087 1809 3145 humilitatis
1821 3103 1886 3162 gra·

241 3191 307 3239 tuor
327 3181 401 3240 enim
424 3179 600 3254 qualitatibus
619 3195 664 3236 res
687 3181 744 3237 boe
759 3180 930 3243 considerata
944 3179 1040 3236 distin·
1091 3179 1159 3235 dana
1182 3177 1242 3247 ilat,
1265 3188 1296 3237 nt
1322 3179 1452 3236 doctrina
1476 3193 1576 3244 sermo,
1600 3178 1647 3250 qul
1665 3177 1911 3247 ablatosiuemt·

240 3270 347 3344 guitur.
373 3269 442 3325 Nam
469 3268 614 3340 aliquando
639 3278 749 3342 propter
772 3270 910 3327 auditores
936 3269 1039 3339 malos,
1091 3272 1194 3330 redeat
1211 3271 1340 3343 Sequimr
1354 3287 1362 3323 r
1378 3288 1388 3323 ι
1406 3269 1473 3326 Gom
1491 3278 1584 3338 autera
1602 3268 1708 3326 beutm
1728 3267 1807 3340 luero
1826 3271 1887 3338 tibi,

242 3359 324 3416 bonis
342 3358 446 3416 tollitur
460 3350 550 3416 serum
563 3359 730 3428 doctoribus,
742 3360 888 3431 aliquando
902 3375 966 3418 sero
977 3377 1040 3433 pro-
1091 3363 1198 3435 aperies
1208 3377 1239 3418 os
1250 3371 1337 3427 tuum,
1348 3369 1374 3417 et
1385 3359 1505 3433 loqueris
1517 3359 1551 3415 ad
1560 3373 1609 3415 eos
1625 3378 1631 3412 :
1646 3358 1782 3417 lloecdicb
1796 3359 1888 3417 boni-

242 3459 307 3522 pter
331 3449 419 3507 bonos
444 3449 593 3516 auditores,
618 3449 699 3505 datur
722 3463 812 3507 sermo
836 3449 992 3506 doctoribus
1013 3442 1077 3506 ctC
1092 3470 1144 3511 nus
1152 3453 1295 3524 licuszqui
1307 3453 1392 3519 audit,
1404 3451 1511 3518 audiat;
1524 3461 1552 3506 et
1561 3451 1609 3523 qui
1617 3451 1743 3522 quiescit,
1753 3453 1887 3523 quiescat,

243 3541 335 3607 unalis,
344 3539 490 3611 aliquando
503 3549 593 3596 autem
602 3551 713 3612 propter
727 3539 882 3597 docentium
895 3551 977 3612 atque
991 3558 1042 3598 au·
1091 3548 1155 3618 quia
1168 3547 1264 3603 domus
1278 3559 1445 3615 exasperans
1456 3552 1508 3600 est
1528 3563 1537 3597 r
1556 3543 1634 3615 Saepe
1648 3545 1759 3615 quidam
1774 3546 1889 3601 verbum

244 3635 378 3692 dientium
400 3632 641 3706 justificationem,
667 3634 745 3690 bouis
769 3635 925 3691 doctoribus
951 3651 1042 3692 sermo
1090 3635 1141 3693 liei
1165 3634 1259 3692 audire
1284 3631 1450 3698 desiderant,
1476 3633 1523 3689 sed
1545 3633 1609 3689 dum
1631 3634 1700 3690 alios
1716 3634 1890 3704 conspiciunt

246 3728 338 3794 datur,
354 3736 385 3783 ut
403 3726 495 3799 stipsi
508 3742 557 3798 per
569 3726 695 3787 meritum
710 3735 845 3795 crescant,
862 3734 891 3783 et
905 3728 1043 3784 auditores
1091 3737 1187 3781 aurem
1201 3731 1335 3789 avertere,
1348 3721 1431 3776 etiam
1446 3720 1497 3792 ipsi
1517 3721 1642 3778 asalmis
1662 3723 1756 3779 auditu
1777 3724 1890 3780 ιιοιίοιι-

246 3833 342 3875 corum
366 3817 504 3874 intellectu
523 3828 551 3874 et
564 3817 618 3873 rita
635 3817 789 3889 proficiant.
804 3818 956 3890 Aliquando
966 3835 1041 3887 uero,
1093 3826 1148 3873 tur.
1171 3815 1206 3871 Et
1223 3814 1382 3886 plerumque
1396 3811 1633 3883 multiqniescere
1651 3822 1791 3883 appetunt,
1806 3823 1889 3884 atque

246 3911 309 3982 quia
324 3922 414 3980 neque
431 3909 459 3964 bi
479 3908 552 3980 digni
573 3915 637 3965 sunt
654 3908 787 3979 accipere,
803 3909 901 3980 quibus
914 3908 1044 3966 doctrinae
1092 3921 1108 3961 a
1132 3906 1237 3962 cunctis
1253 3905 1346 3961 muudi
1360 3902 1441 3972 buius
1465 3904 1570 3959 notibus
1592 3919 1703 3970 vacare,
1724 3904 1805 3961 nullis
1828 3903 1888 3975 iarn

247 4016 338 4058 sermo
355 3999 508 4071 profertur,
533 4015 620 4071 neque
642 4001 679 4057 illi
700 4002 829 4058 doctrinae
849 4003 963 4058 verbum
981 4018 1044 4074 pro-
1092 3996 1235 4053 desideriis
1247 3996 1363 4052 terrems
1374 3995 1561 4052 succumbere.
1574 3993 1629 4051 Sed
1641 3996 1808 4051 dumridont
1819 3996 1889 4053 alios

243 4090 330 4159 terre,
343 4092 389 4163 qui
401 4091 490 4148 locum
502 4092 615 4148 morardi
629 4099 731 4160 tenent,
743 4092 943 4163 predicationis
954 4107 1045 4148 sermo
1093 4087 1213 4158 inquiete
1226 4085 1329 4158 agendo
1343 4086 1487 4159 prolicere,
1500 4093 1582 4156 atque
1597 4086 1624 4160 iu
1636 4086 1689 4142 hoc
1703 4088 1803 4142 mundo
1821 4088 1890 4144 diri-

244 4181 365 4250 tollitnr,
378 4190 408 4237 ut
420 4190 535 4254 utroque
550 4198 614 4253 pars
627 4183 748 4238 districte
757 4182 894 4255 judicetur
909 4200 916 4237 ι
932 4191 1044 4254 propter
1094 4180 1141 4236 tiis
1153 4190 1181 4236 et
1191 4179 1340 4237 bonoribus
1353 4176 1456 4246 extolli,
1468 4178 1532 4249 quia
1548 4177 1663 4259 necdum
1676 4179 1703 4234 in
1717 4179 1761 4234 via
1777 4180 1890 4237 rectitu-

221 4264 224 4269 ’
238 4272 334 4327 saralos
359 4286 476 4343 namque
501 4271 648 4337 auditores,
671 4272 750 4341 bonis
772 4287 863 4329 serum
887 4272 1045 4328 doctoribus
1094 4270 1166 4327 dinis
1178 4269 1249 4325 llrmi
1261 4277 1333 4336 sunt,
1347 4269 1381 4324 ad
1395 4283 1480 4339 prava
1492 4284 1575 4341 opera
1589 4285 1624 4326 es
1637 4270 1753 4326 aliorum
1766 4271 1890 4343 exemplo

239 4361 364 4426 tollitur,
371 4360 442 4416 sicut
453 4376 525 4415 uuoc
537 4359 748 4425 adEzccbielem
758 4362 917 4433 prophetam
929 4361 1043 4417 dicitur:
1095 4362 1266 4437 delabuntur.
1280 4360 1350 4417 llioc
1371 4369 1415 4418 est
1434 4361 1519 4428 enim,
1533 4362 1605 4432 quod
1620 4362 1648 4416 in
1666 4370 1730 4433 typo
1745 4362 1889 4419 infirman-

243 4471 261 4503 ι
278 4451 412 4524 Linguam
426 4451 648 4508 tuaroadbaercre
664 4451 762 4509 inciam
774 4453 866 4524 palato
881 4464 937 4521 tuo,
950 4455 1046 4511 eteris
1096 4452 1163 4508 tium
1176 4452 1321 4508 Psalmista
1334 4451 1448 4523 loquens
1465 4452 1573 4509 dicebat
1589 4470 1596 4506 ι
1614 4472 1623 4505 ι
1640 4451 1691 4507 lici
1710 4463 1801 4508 autem
1821 4469 1892 4524 pene

232 4552 355 4609 mutus,
365 4528 417 4600 nec
428 4543 506 4613 quasi
521 4544 562 4598 vir
576 4543 731 4620 objurgans,
747 4545 812 4618 quia
826 4547 1046 4618 domusexaspc-
1095 4546 1164 4602 moti
1178 4553 1242 4601 sunt
1260 4545 1354 4616 pedes,
1373 4559 1443 4615 pene
1454 4542 1533 4600 ebusi
1549 4552 1611 4600 sunt
1626 4558 1734 4616 gressus
1747 4546 1811 4612 atrei,
1826 4545 1892 4615 quia

234 4647 315 4688 taos
326 4641 379 4704 est.
399 4653 410 4688 ι
427 4633 461 4689 Et
474 4635 546 4699 sicut
565 4634 649 4690 Paulo
676 4636 776 4693 dieitur
791 4657 797 4691 :
815 4656 824 4689 ι
841 4636 952 4695 Festina
964 4641 1046 4695 etesi
1096 4637 1199 4693 zelatus
1210 4652 1271 4692 sum
1285 4636 1313 4692 in
1333 4637 1537 4709 peecatoribus,
1551 4651 1645 4706 pacem
1661 4645 1834 4706 peccatorum
1847 4639 1890 4692 ri·

223 4724 380 4779 *docitur
404 4739 438 4779 ex
466 4723 649 4793 llierusalem,
677 4727 806 4797 quostiam
835 4743 888 4782 non
916 4728 1046 4800 recipient
1098 4724 1266 4800 deuslibol.
1281 4726 1404 4799 nastris
1425 4725 1494 4782 llioc
1515 4727 1612 4780 iterum
1630 4725 1715 4781 dicit:
1732 4744 1741 4776 ι
1757 4727 1826 4781 lium
1845 4742 1892 4782 su-

229 4816 437 4873 testimonium
460 4825 536 4871 tuum
554 4815 588 4871 de
600 4831 643 4872 me
656 4818 724 4890 (Act.
740 4816 818 4890 xxia).
837 4838 846 4871 r
864 4818 898 4873 Et
911 4819 981 4873 sicut
997 4834 1044 4876 ro·
1097 4817 1187 4888 perbit
1200 4816 1308 4886 impius,
1324 4815 1479 4872 incenditur
1490 4830 1592 4886 pauper
1606 4811 1693 4885 (l'soi.
1706 4815 1767 4886 xi.»

223 4902 371 4964 lentibus
391 4907 528 4979 Apostolis
548 4909 697 4981 praedicare
721 4910 749 4965 in
762 4910 825 4966 Asia
850 4912 981 4982 scripturn
1002 4920 1046 4966 est
1403 4925 1518 4983 ggpup
1541 4925 1585 4980 pv,

220 5004 340 5072 (ΜΝ
360 5002 499 5074 thibffii
516 5017 563 5058 ⁰⁰⁵
578 5002 690 5073 sPifflus
703 5000 767 5058 ¹0⁸⁰
782 5001 851 5074 im·
868 5007 934 5072 xv¹)·
953 5021 963 5054 ’
980 5002 1046 5058 1³¹⁰·
1099 5018 1203 5074 Lutetia
1224 5016 1379 5088 explicatio5
1399 5017 1432 5070 tie
1448 5017 1597 5086 captivitate
1614 5016 1702 5072 decem
1718 5018 1845 5080 tributum,
1867 5030 1893 5075 et

219 5102 314 5160 later
328 5095 415 5150 bonos
430 5093 566 5149 auditores
586 5093 668 5149 etiam
693 5093 771 5149 malis
788 5093 944 5148 doctoribus
956 5107 1044 5148 sernto
1358 5086 1526 5158 derogastis
1540 5086 1628 5156 loma.

227 5183 344 5249 tiator,
360 5183 430 5238 sicut
452 5182 486 5239 dc
507 5182 653 5238 Pharisrois
673 5181 801 5237 Donrinus
818 5181 904 5239 dicit:
922 5201 931 5233 ι
948 5180 1046 5239 Omrria
1098 5184 1112 5193 ”
1139 5199 1148 5232 ι
1166 5179 1201 5236 Ει
1216 5187 1257 5244 ιο,
1271 5176 1451 5242 binominis,
1468 5193 1544 5234 sume
1563 5179 1610 5236 tibi
1628 5179 1753 5248 laterata,
1768 5189 1797 5236 et
1809 5197 1894 5253 pones

229 5285 423 5342 quecunque
439 5267 558 5327 dixerint
571 5269 659 5336 uobis,
676 5278 782 5326 servate
797 5280 825 5326 et
837 5270 927 5326 facite.
941 5270 1047 5327 Secun-
1103 5291 1112 5323 ι
1134 5286 1196 5326 euna
1209 5284 1302 5326 coram
1314 5277 1350 5334 te,
1364 5278 1391 5324 et
1408 5267 1546 5325 describes
1555 5270 1583 5325 in
1598 5285 1630 5326 eo
1644 5271 1782 5328 civitatem
1796 5272 1894 5329 llieru·

236 5362 319 5417 «lum
334 5375 399 5418 tero
412 5376 496 5433 opera
510 5376 604 5418 eorum
623 5360 706 5417 nolite
723 5359 831 5424 lacerer
849 5361 943 5416 dicum
963 5361 1047 5428 enim,
1104 5380 1113 5412 ι
1136 5360 1229 5426 saleru,
1245 5370 1273 5416 et
1286 5361 1425 5416 ordinabis
1438 5360 1581 5418 adversum
1596 5378 1655 5419 eam
1673 5364 1850 5429 obsidionem,
1866 5375 1894 5420 ot

238 5462 287 5507 ει
305 5470 359 5510 οοο
381 5453 484 5509 iaciunt
499 5452 608 5526 (batti.
623 5450 712 5525 xxrrr).
731 5469 741 5503 r
761 5450 875 5524 Propter
892 5453 1047 5510 docentium
1104 5471 1113 5505 ι
1135 5452 1283 5511 aedificabis
1307 5437 1482 5520 munitiones,
1500 5467 1528 5512 et
1550 5458 1733 5528 comportabis
1755 5473 1893 5530 aggerem,

240 5557 365 5615 quoique
375 5543 501 5599 meritum
513 5551 541 5599 et
552 5541 718 5598 audientium
726 5540 948 5613 justificationem
958 5560 1049 5602 sermo
1104 5562 1114 5598 ι
1136 5553 1164 5602 et
1185 5544 1264 5602 dabis
1284 5553 1379 5600 contra
1405 5560 1466 5601 eam
1486 5557 1587 5614 castra,
1608 5557 1634 5604 et
1654 5564 1739 5620 pones
1751 5549 1851 5606 anetus
1865 5550 1893 5605 iu
1936 5536 1951 5555 ⁸

243 5636 388 5692 maine
408 5635 545 5704 tribuitur,
567 5635 636 5691 sicut
656 5635 759 5693 sanctis
780 5637 911 5707 apostolis
925 5637 1022 5693 dicitur
1040 5656 1047 5692 :
1104 5654 1114 5689 ι
1138 5652 1215 5708 gyro,
1231 5656 1241 5690 r
1256 5646 1310 5696 etc·
1323 5635 1459 5708 (Hieron.)
1472 5635 1548 5696 Sicut
1561 5640 1636 5710 prius
1648 5642 1785 5699 diximus:
1799 5640 1893 5695 ‹lntrs

258 5726 386 5783 ‹Euntes
395 5725 572 5783 uuncdocete
581 5741 676 5785 omnes
685 5735 781 5799 gentes
792 5727 900 5800 (dotti.
914 5727 1022 5800 sustu).
1037 5747 1047 5781 r
1102 5735 1132 5782 et
1146 5725 1283 5782 includere
1299 5725 1327 5781 in
1345 5727 1435 5781 medio
1449 5727 1544 5784 ἀοιοιιι
1557 5737 1617 5784 tuae.
1632 5729 1664 5785 tu
1678 5744 1743 5786 ecce
1755 5729 1818 5785 data
1829 5740 1895 5785 suut

240 5807 373 5886 ltropter
387 5815 473 5874 nuos
489 5816 627 5872 auditores
640 5825 668 5874 et
682 5817 819 5889 indignam
836 5819 919 5891 vitam
944 5831 1049 5884 eorum,
1101 5831 1184 5887 super
1200 5825 1226 5871 te
1240 5814 1358 5881 vincula,
1371 5824 1398 5871 ct
1411 5816 1532 5886 ligabunt
1548 5826 1585 5883 te,
1598 5826 1626 5873 et
1638 5835 1690 5875 non
1705 5817 1861 5889 egredieris,
1879 5836 1892 5875 ι

247 5908 305 5978 «μή
325 5909 424 5964 dooere
442 5909 613 5990 debuerunt,
625 5925 713 5966 sermo
726 5908 855 5966 doctrinae
870 5911 1048 5976 subtrabitur,
1102 5918 1196 5980 typum
1215 5922 1275 5964 esse
1291 5907 1451 5978 proplietam
1470 5908 1567 5966 lutura
1581 5911 1729 5967 obsidionis
1742 5911 1816 5967 urbis
1831 5909 1895 5968 ilie·

249 5999 330 6057 sicut
343 5998 453 6065 tiniae
466 5999 640 6071 corrigendos
654 6000 732 6070 filios,
747 6001 876 6061 danicae
888 6001 1051 6074 increpatio·
1101 5997 1233 6066 rusalcru,
1255 5998 1291 6054 itu
1310 6013 1381 6054 rruuc
1394 6000 1558 6071 geometrica
1566 5999 1678 6070 jubetur
1692 6001 1720 6055 in
1737 5999 1823 6057 tatere
1835 6010 1894 6057 arte

449 6092 589 6152 Parnon.
609 6090 680 6153 CX.
1660 6090 1696 6151 ta
