4500 6842
306 668 360 724 tlt

784 665 961 742 COMMENT.
981 664 1014 719 m·
1034 662 1261 719 Ezechtttnlt.
1280 692 1316 703 -
1334 660 1475 718 tibttt.

1879 671 1930 728 678

305 788 416 847 Grande
426 788 570 843 discrimen
586 802 639 841 non
666 787 692 841 in
707 786 755 842 Dei
774 785 928 849 cleroeutia,
941 783 989 837 sed
1005 782 1031 835 in
1047 785 1136 843 squ
1186 797 1196 830 (
1213 779 1247 833 Et
1259 778 1343 834 tulisti
1358 793 1423 833 rasa
1444 777 1551 834 decoris
1565 780 1613 845 tul,
1631 781 1666 837 de
1687 794 1754 837 auro
1768 793 1870 840 meoet
1887 801 1932 841 ar-

305 877 404 932 decare
423 876 567 931 confidere.
584 874 743 945 Quantoque
763 876 823 944 ouis
846 872 987 927 sublimior
1002 869 1093 935 fuerit,

305 966 386 1021 dehet
404 966 498 1019 timere
514 979 548 1019 ne
572 973 692 1026 corruat,
714 974 741 1019 et
766 963 914 1017 fornicetur
935 961 961 1014 in
987 960 1095 1013 nomine

304 1069 366 1109 ano.
388 1052 559 1109 Adversariae
582 1053 713 1123 siquidem
734 1060 890 1121 potestates,
916 1048 1009 1103 solitos
1031 1062 1094 1101 eon-

305 1155 429 1203 temnunt
453 1145 539 1208 cibos,
563 1152 591 1199 et
611 1145 752 1214 peregrina
777 1143 902 1220 alimenta
929 1138 1092 1192 desiderant.

304 1233 384 1289 Unde
404 1233 438 1289 de
454 1232 561 1288 diaholo
580 1234 679 1287 dicitur
693 1249 699 1286 :
714 1251 723 1282 (
741 1233 816 1286 Escae
834 1230 892 1299 ejus
912 1228 1003 1283 electe
1026 1228 1094 1298 (llo-

304 1324 364 1376 buc.
378 1321 408 1393 t).
424 1341 432 1372 r
448 1320 505 1375 Non
523 1321 580 1374 vult
593 1319 739 1389 quemlihet
758 1321 892 1389 decipere.
910 1319 975 1372 Saul
989 1334 1091 1387 regem,

303 1413 353 1482 oni
366 1412 470 1466 clectus
483 1426 498 1464 a
513 1411 627 1465 Domino
641 1419 694 1474 est,
711 1420 738 1464 et
752 1408 847 1463 fudam
863 1407 1012 1477 apostolum
1031 1422 1094 1474 sup-

302 1501 428 1571 plantare
452 1499 570 1554 festinat.
590 1498 649 1554 Non
663 1513 728 1569 ergo
750 1498 915 1552 confidamus
938 1497 964 1550 in
986 1497 1093 1565 propria

304 1589 517 1659 pulchritudine,
535 1604 584 1641 nec
598 1587 644 1641 [lei
668 1587 867 1649 liberalitatem,
881 1595 1001 1641 nostram
1015 1597 1092 1655 pute-

306 1692 440 1757 musesse
455 1678 600 1742 virtutem;
621 1678 666 1732 sed
680 1679 770 1746 potius
784 1677 940 1730 audiamus:
956 1697 965 1726 ι
983 1676 1020 1730 lle
1038 1678 1094 1745 glo·

304 1770 387 1824 rieris
405 1770 431 1824 in
444 1769 602 1824 crastiuum.
616 1768 711 1824 Nescis
720 1769 793 1822 enim
806 1768 869 1837 quid
881 1769 970 1837 pariat
981 1777 1093 1832 ventura

305 1860 365 1915 dies
379 1859 469 1931 (Prae.
488 1858 591 1929 xxvrrl;
607 1865 660 1933 ruet
681 1858 708 1910 in
728 1858 781 1911 alio
805 1857 863 1912 loco
878 1875 884 1909 :
901 1856 1045 1920 «Fratres,
1071 1857 1094 1910 si

302 1956 458 2020 praeventus
479 1945 561 2001 fuerit
583 1946 665 2001 homo
688 1947 715 1999 in
732 1946 821 2015 aliquo
837 1953 959 2014 peceato,
975 1960 1034 2008 vos,
1047 1944 1094 2012 qui

305 2039 442 2111 spiritales
453 2040 531 2101 estis,
546 2038 668 2108 perficito
681 2034 832 2107 hujusmodi
855 2038 881 2091 in
899 2036 996 2106 spiritu
1015 2050 1092 2089 nran-

1148 888 1160 922 r
1182 879 1263 941 gente
1275 884 1345 944 meo,
1362 869 1434 938 quod
1448 869 1506 925 dedi
1522 871 1579 937 tihi,
1593 880 1621 926 et
1633 872 1721 928 fecisti
1741 875 1789 929 tihi
1802 875 1932 947 imagines

1148 982 1157 1014 r
1180 962 1355 1026 masculinas,
1371 970 1397 1015 ot
1409 961 1540 1016 fornicata
1552 977 1581 1016 es
1595 963 1621 1016 in
1634 964 1683 1018 eis.
1700 984 1709 1015 ι
1723 963 1802 1019 Jrrrta
1815 965 1932 1021 litteram

1145 1053 1276 1107 bantinus
1286 1053 1313 1106 in
1322 1052 1381 1119 lege
1390 1053 1518 1120 precepta
1528 1061 1557 1104 ut
1566 1051 1813 1118 frerentthurihula,
1826 1057 1932 1125 phialae,

1144 1142 1348 1205 candelabrum,
1366 1156 1428 1194 arca
1443 1143 1606 1207 testamenti,
1627 1154 1777 1212 cunctaque
1791 1146 1832 1199 vel
1851 1163 1933 1212 aurea

1144 1232 1186 1285 vel
1202 1233 1342 1294 (feturam,
1358 1241 1385 1285 ct
1397 1232 1449 1284 alia
1465 1248 1499 1285 (ιι
1515 1243 1638 1302 argento,
1653 1250 1712 1302 quse
1731 1238 1820 1290 omnia
1833 1238 1934 1291 ciuilia-

1145 1322 1184 1375 rit
1202 1321 1369 1385 Jerusalem,
1385 1331 1412 1374 et
1427 1322 1509 1375 vertit
1528 1323 1554 1375 in
1573 1323 1642 1377 idola
1663 1325 1750 1390 ilelis,
1771 1326 1827 1380 sive
1844 1323 1934 1380 Baulis

1144 1413 1261 1467 Chamos
1278 1420 1306 1465 ct
1325 1412 1468 1475 Astaroth,
1483 1422 1511 1466 ct
1525 1413 1667 1468 llelchour.
1683 1414 1762 1468 furta
1781 1415 1933 1486 intelligen-

1145 1502 1211 1555 tiam
1228 1500 1387 1570 splritalem‚
1404 1502 1437 1555 dc
1453 1517 1519 1554 auro
1531 1512 1559 1556 ct
1571 1512 1682 1572 argento
1694 1514 1847 1558 sanctarum
1861 1504 1934 1560 Scri·

1144 1602 1286 1662 plurarem
1308 1593 1377 1646 idola
1391 1593 1516 1658 laeiruus,
1531 1596 1639 1662 girando
1653 1596 1768 1665 gratiam
1791 1611 1887 1651 sensus
1906 1607 1935 1651 et

1144 1682 1303 1751 eloquentia}
1322 1684 1448 1737 heretica
1464 1685 1597 1752 pravitate
1616 1687 1825 1755 corrumpimus,
1842 1699 1869 1741 ct
1883 1704 1932 1760 po-

1146 1770 1235 1824 nimus
1253 1772 1280 1824 iu
1299 1773 1397 1825 coelum
1412 1787 1444 1826 os
1460 1781 1581 1827 nostrum
1601 1785 1627 1827 et
1644 1774 1734 1843 lingua
1762 1784 1853 1829 nostra
1874 1790 1936 1843 per-

1146 1858 1244 1911 transit
1264 1858 1291 1911 in
1315 1866 1424 1912 terram.
1447 1858 1600 1914 blasculioae
1615 1861 1741 1915 dicuutur
1756 1861 1887 1930 imagines
1907 1863 1934 1916 in

1145 1947 1243 2016 quihus
1256 1948 1344 2002 trrrrnis
1365 1947 1475 2002 heresis
1489 1948 1647 2014 fornicatur,
1662 1967 1696 2005 cx
1714 1967 1746 2005 eo
1763 1954 1835 2021 quod
1854 1968 1935 2007 uirus·

1145 2039 1259 2108 quisque
1270 2054 1300 2094 se
1313 2048 1390 2110 putat
1405 2041 1592 2095 robustissima
1606 2042 1694 2097 colere
1711 2053 1739 2097 ct
1753 2043 1862 2107 habere,
1874 2059 1935 2113 quae

304 2128 466 2191 suetudinis,
479 2128 653 2183 considerans
668 2127 792 2197 teipsum,
811 2141 844 2179 ne
860 2125 929 2180 forte
945 2136 973 2180 et
993 2133 1021 2179 tu
1038 2135 1094 2179 teu·
1108 2144 1133 2202 Β
1148 2127 1235 2193 linxit,
1261 2144 1311 2183 nec
1336 2128 1390 2181 ulla
1410 2140 1489 2197 posse
1511 2133 1708 2200 oppugnatione
1731 2132 1861 2187 subverti.
1889 2133 1936 2187 llae

305 2216 373 2271 teris
386 2214 458 2286 (Gal.
471 2217 519 2285 ιι).
535 2235 544 2268 ι
561 2216 653 2285 Neque
672 2231 838 2285 exponamus
855 2218 912 2270 sive
926 2215 1095 2271 effutrdamus

306 2307 513 2364 fornicationem
537 2316 656 2363 nostram
670 2307 742 2361 ouini
756 2308 907 2361 transeunti
926 2315 955 2360 ut
980 2323 1032 2361 non
1049 2307 1096 2361 liei

305 2398 334 2451 in
348 2411 428 2467 quem
445 2396 591 2460 credimus,
606 2397 652 2451 sed
666 2396 724 2467 ejus
738 2394 858 2450 humosa
875 2412 927 2464 quo
940 2397 1096 2465 polluimur,

307 2487 353 2555 qui
368 2494 466 2541 cuncta
485 2485 581 2553 recipit
602 2485 677 2549 vitia,
697 2492 724 2537 ct
738 2486 905 2539 diversorum
925 2497 1096 2554 peccatorum

307 2576 433 2647 spiritum
448 2582 631 2629 transeuntem
644 2590 693 2629 auo
707 2575 819 2644 suscipit
836 2578 949 2645 gremio,
961 2585 988 2629 ct
1000 2576 1098 2630 divari-

308 2676 354 2724 cat
367 2667 450 2738 pedes
463 2682 528 2722 suos
547 2667 620 2721 omni
640 2668 790 2722 transeunti
803 2687 808 2720 :
822 2668 872 2722 iste
886 2668 998 2723 effundit
1015 2670 1099 2723 forni-

307 2760 443 2814 cationem
466 2773 555 2822 snam,
571 2767 599 2812 et
623 2759 683 2829 ejus
702 2758 796 2828 iucipit
819 2760 954 2813 sustincrc
977 2760 1097 2813 donuna-

309 2860 379 2916 tum,
390 2851 466 2921 cuijus
478 2852 576 2919 hospes
587 2851 716 2904 extiterit.
1081 2914 1085 2922 ,

348 2958 359 2989 ι
376 2940 410 2993 Et
426 2954 535 2992 sumens
555 2939 588 2992 dc
610 2939 780 2993 vestimentis
798 2939 861 3004 tuis,
883 2938 970 2993 fecisti
989 2938 1035 2992 tibi
1052 2953 1098 2993 cx-

311 3046 322 3083 (
346 3028 418 3084 celsa
432 3028 496 3082 hine
510 3027 573 3082 inde
588 3038 713 3093 consuta,
727 3037 754 3081 et
764 3027 895 3081 fornicata
910 3043 940 3081 es
953 3042 1034 3095 super
1046 3025 1097 3089 eis,

311 3134 325 3171 r
344 3117 416 3172 sicut
430 3132 482 3171 non
496 3125 538 3170 est
558 3115 670 3182 factum,
690 3132 777 3186 nemra
790 3117 908 3171 futurum
924 3125 975 3170 cst.
990 3136 999 3166 ι
1022 3115 1098 3181 Quod

312 3222 395 3277 snper
419 3207 568 3264 ierusalem
593 3209 670 3280 juxta
697 3209 814 3264 litteram
849 3208 960 3278 intelligi
989 3209 1097 3277 potest,

310 3308 340 3354 nt
354 3299 446 3353 omnia
466 3308 598 3369 praecepta
609 3299 676 3370 legis
689 3306 717 3355 et
738 3300 854 3365 divitias,
879 3315 911 3355 ae
930 3315 1019 3354 rorum
1038 3315 1097 3354 our·

310 3390 387 3444 nium
411 3388 601 3443 abundantiam
629 3390 707 3445 idolis
727 3389 915 3458 deputaverit:
941 3391 1012 3457 quod
1033 3405 1100 3458 gens

1147 2229 1211 2275 strut
1233 2221 1375 2291 imagines,
1391 2238 1458 2291 quas
1481 2223 1514 2276 dc
1535 2234 1627 2278 nostro
1646 2226 1728 2279 corde
1752 2227 1891 2291 finximus,
1909 2236 1937 2281 ct

1124 2375 1127 2381 Ι
1147 2326 1207 2379 quae
1221 2312 1247 2364 in
1260 2312 1364 2366 coelesti
1385 2312 1533 2366 Jerusalem
1546 2315 1712 2368 destruendae
1732 2324 1802 2369 sunt.
1819 2317 1857 2371 [le
1874 2319 1936 2385 orri-

1146 2400 1198 2454 bos
1210 2400 1343 2469 Propheta
1362 2402 1539 2470 pronuntiat:
1559 2422 1567 2453 ι
1585 2404 1707 2471 bomine,
1725 2404 1874 2459 incivitate
1893 2416 1937 2460 tna

1148 2491 1279 2560 imagines
1292 2505 1386 2545 eorum
1408 2492 1550 2561 dissipabis
1560 2490 1647 2563 (Psoi.
1671 2495 1766 2564 cxxii).
1782 2514 1792 2545 ι
1810 2495 1938 2562 Quicum-

1135 2597 1201 2651 .que
1216 2581 1288 2636 enim
1307 2581 1389 2635 honio
1402 2588 1453 2644 est,
1467 2590 1495 2635 et
1509 2581 1556 2635 Dei
1573 2597 1670 2637 nomen
1681 2584 1782 2649 amisit,
1796 2586 1895 2640 dicitur
1906 2588 1938 2640 de

1148 2686 1201 2727 eo:
1216 2691 1225 2723 (
1240 2673 1431 2726 Verumtamen
1447 2672 1473 2725 in
1488 2672 1605 2743 imagine
1618 2675 1822 2743 perambulabat
1847 2677 1937 2741 haurn,

1148 2770 1335 2815 verumtamen
1358 2759 1459 2816 frustra
1482 2764 1661 2817 conturbatur
1676 2745 1762 2833 (Psoi.
1782 2767 1935 2835 xxxviiii.»

1149 2850 1204 2904 llos
1217 2859 1306 2904 autem
1317 2867 1400 2904 unum
1415 2852 1546 2906 habemus
1558 2853 1655 2917 virum,
1670 2862 1698 2906 et
1719 2870 1800 2908 unani
1823 2870 1938 2908 venera·

1150 2955 1210 2994 mur
1224 2940 1378 3010 imaginem,
1394 2956 1452 3009 quae
1469 2942 1604 3011 cstimago
1620 2942 1761 2997 invisibilis
1774 2953 1801 2997 ct
1814 2945 1938 3013 omnipo·

1151 3030 1241 3084 tentis.

1187 3140 1195 3171 ι
1212 3120 1246 3174 Et
1256 3121 1392 3190 sumpsisti
1403 3121 1560 3176 vestimenta
1574 3131 1619 3176 tua
1632 3122 1820 3187 multicoloria,
1834 3133 1862 3180 et
1871 3139 1938 3194 opo-

1153 3230 1162 3262 (
1185 3211 1263 3265 ruisti
1281 3210 1349 3265 illas.
1369 3231 1377 3262 r
1395 3211 1560 3266 Subauditur
1573 3213 1704 3283 imagines
1721 3214 1893 3280 masculinas,
1909 3224 1938 3269 ut

1150 3316 1258 3357 ornnem
1277 3301 1377 3356 cultuur
1390 3318 1468 3369 ouem
1488 3314 1630 3370 acceperat
1651 3302 1685 3357 ad
1704 3304 1831 3357 utendum
1850 3314 1938 3360 verte·

1151 3392 1232 3447 retiu
1260 3392 1465 3461 blasphemiam.
1490 3391 1547 3449 lloe
1568 3404 1657 3448 autern
1679 3393 1810 3458 facimus,
1832 3396 1938 3464 qurrtics

310 3481 366 3536 alia
383 3495 437 3536 non
454 3478 548 3534 feccrit
566 3494 617 3535 nee
634 3480 737 3535 lactura
749 3482 793 3535 sit
813 3479 912 3536 Omnes
924 3480 995 3535 enim
1013 3481 1100 3535 natio·
1114 3486 1137 3547 C
1152 3484 1307 3553 prudentia,
1333 3484 1521 3554 temperantia,
1546 3484 1714 3550 fortitudine,
1733 3483 1847 3553 justitia,
1873 3499 1938 3539 cun·

309 3583 371 3634 nes,
392 3583 453 3638 quae
474 3583 490 3623 a
515 3569 646 3640 principio
664 3570 741 3625 idolis
765 3570 928 3634 servierunt,
952 3584 1005 3624 non
1031 3570 1099 3623 tanti

310 3661 435 3717 criminis
453 3676 505 3716 reae
524 3669 595 3717 sunt.
613 3660 711 3717 No'stra
734 3670 824 3717 antem
847 3659 1012 3725 Jerusalem,
1040 3675 1099 3730 qua

310 3753 509 3821 interpretatur
529 3752 594 3806 risio
616 3753 705 3821 pocla,
732 3753 767 3808 ab
795 3752 928 3806 haereticis
957 3750 1099 3814 scinditur,

311 3840 422 3910 quando
433 3854 515 3895 nuum
528 3847 556 3895 et
568 3839 682 3894 alterurn
701 3840 883 3900 testimonium
904 3840 1099 3908 scripturarum

311 3933 347 3989 dc
368 3931 484 4001 propriis
498 3940 638 4001 carpentes
658 3933 725 3987 locis
751 3940 883 3987 conantur
904 3946 1024 3994 assuere,
1048 3931 1099 3994 his,

311 4021 413 4090 quihus
424 4033 478 4075 uon
489 4030 589 4089 queunt
601 4010 728 4089 c'oaptarc
739 4037 745 4050 ·
760 4020 793 4074 ad
803 4034 872 4089 quos
881 4029 909 4073 ot
917 4019 1099 4088 supradictum

311 4113 340 4168 in
355 4112 409 4167 hoc
420 4110 514 4166 eodem
526 4111 660 4182 Propheta
679 4110 813 4182 legionis:
831 4130 840 4162 (
856 4110 901 4165 ta
913 4110 954 4165 his
975 4111 1020 4180 qui
1036 4126 1100 4166 cou-

311 4211 398 4261 snnrrt
411 4202 563 4269 cervicalia,
579 4203 629 4257 sub
640 4202 712 4266 omni
727 4201 818 4255 cubitu
834 4216 941 4265 roanos,
957 4210 985 4255 et
999 4201 1100 4255 faciunt

311 4294 483 4364 operimenta
508 4308 589 4363 super
614 4300 694 4361 caput
719 4291 852 4370 universae
879 4291 968 4346 aetatis
991 4290 1099 4359 (Erech

313 4386 388 4456 riu).
406 4386 506 4450 »Quod
532 4383 589 4438 fieri
610 4372 740 4437 Dominus
758 4382 911 4451 prohibens,
932 4369 1051 4449 loquitur
1073 4381 1100 4434 in

312 4476 487 4544 Evangelio:
512 4472 622 4529 «Nemo
648 4472 763 4527 assumit
788 4470 993 4526 commissuram
1019 4471 1100 4539 panni

314 4567 391 4621 rudis
408 4566 434 4620 in
449 4565 534 4621 reteri
550 4564 719 4622 vestimento.
742 4562 867 4632 Alioquin
881 4562 950 4615 tollit
968 4562 1001 4615 de
1016 4560 1101 4629 pleni-

311 4657 408 4713 tndioe
420 4657 478 4726 ejus
492 4665 519 4710 et
529 4654 604 4725 peior
617 4655 734 4709 scissura
752 4653 807 4707 fret.
822 4651 877 4706 Nec
890 4652 998 4728 mittunt
1010 4651 1102 4705 riuum

312 4760 414 4803 novum
427 4747 456 4801 in
468 4753 543 4800 utres
555 4752 659 4799 veteres
670 4742 776 4815 llfottlt.
791 4740 841 4813 ιι).
861 4760 870 4793 ι
885 4740 963 4795 Tales
976 4748 1038 4795 sunt
1050 4739 1101 4793 lla·

1151 3576 1255 3644 ctisquo
1271 3576 1416 3629 uirtutibus
1437 3575 1592 3630 hereticam
1610 3561 1808 3630 circumdamus
1822 3576 1926 3645 pravita

1152 3671 1216 3729 tero,
1228 3671 1256 3716 et
1267 3662 1317 3717 sub
1330 3663 1472 3717 occasione
1485 3678 1591 3728 earum,
1606 3663 1743 3731 simplices
1755 3678 1877 3732 quosque
1890 3665 1937 3720 de

1151 3754 1276 3823 cipimus,
1295 3761 1324 3806 ut
1345 3751 1470 3807 videntes
1486 3752 1566 3806 mella
1585 3753 1728 3817 virtutum,
1750 3753 1876 3807 vitiorum
1896 3768 1940 3807 ve·

1151 3857 1222 3898 nena
1233 3857 1286 3896 nou
1304 3852 1427 3896 caveant.

1189 3950 1198 3983 ι
1216 3932 1250 3985 Et
1262 3930 1351 3987 oleum
1368 3938 1495 3985 meamet
1509 3930 1652 4001 thymiama
1664 3946 1753 3986 meum
1767 3930 1880 4000 posuisti
1893 3944 1941 3987 co·
1998 3998 2004 4010 ·

1154 4040 1164 4075 ι
1187 4038 1244 4076 ram
1266 4022 1316 4077 eis.
1334 4022 1368 4075 Et
1382 4037 1478 4091 panem
1498 4037 1586 4075 meum
1606 4022 1691 4092 (Sive,
1712 4032 1741 4077 ut
1763 4022 1939 4094 Septuaginta

1154 4130 1164 4162 r
1188 4111 1393 4177 transtulerunt,
1411 4112 1593 4184 panesmeos)
1607 4128 1687 4181 quem
1701 4113 1761 4167 dedi
1778 4114 1845 4175 tibi;
1860 4115 1938 4168 situi·
1980 4126 1985 4135 '

1155 4222 1163 4252 ι
1186 4200 1248 4264 iarn,
1266 4211 1293 4255 ct
1307 4201 1407 4266 oleum,
1425 4210 1452 4254 et
1472 4202 1534 4267 mel,
1552 4203 1651 4271 quihus
1669 4203 1785 4257 enutriri
1800 4210 1836 4268 tc,
1849 4203 1939 4272 posui-

1155 4310 1164 4342 (
1187 4292 1221 4346 sti
1233 4307 1264 4345 ea
1281 4292 1308 4344 in
1322 4304 1467 4360 conspectu
1479 4307 1573 4346 eorum
1591 4291 1616 4345 iu
1632 4292 1743 4346 odorem
1761 4293 1912 4349 suavitatis.
1928 4311 1937 4344 ι

1152 4379 1245 4436 Olcuru
1259 4382 1292 4434 de
1304 4396 1356 4449 quo
1371 4396 1451 4450 supra
1467 4381 1594 4444 diximus,
1609 4390 1637 4434 et
1658 4382 1804 4451 thymiama
1825 4383 1881 4437 sive
1901 4383 1941 4438 iu-

1152 4484 1274 4534 censam,
1294 4470 1326 4524 dc
1353 4485 1406 4539 quo
1427 4469 1570 4524 Psalmista
1594 4469 1765 4523 conclamat:
1779 4488 1788 4519 (
1804 4469 1942 4541 Dirigatur

1152 4561 1240 4615 oratio
1252 4576 1313 4616 urea
1335 4553 1561 4615 sicutincensuut
1581 4560 1607 4614 in
1625 4568 1769 4627 corispectu
1792 4568 1837 4613 tuo
1851 4559 1939 4629 (Prot.

1153 4651 1225 4721 cm),
1246 4659 1299 4705 ret
1316 4665 1400 4720 panes
1424 4649 1616 4720 propositionis
1641 4663 1708 4717 qnos
1730 4649 1843 4702 Domino
1862 4649 1939 4718 jubo-

1155 4757 1215 4796 mur
1236 4741 1334 4797 offerre
1348 4760 1354 4796 :
1370 4742 1486 4797 similam
1510 4755 1616 4811 quoque
1636 4754 1743 4794 sensum
1765 4740 1940 4809 purissimum

312 4838 411 4902 zaraei,
429 4837 476 4907 qui
497 4835 596 4891 veteris
620 4834 687 4904 legis
707 4832 909 4887 observantiam
934 4823 1139 4900 EvangelicacD
1154 4830 1365 4902 Scriptorarom,
1387 4838 1415 4885 et
1434 4832 1488 4885 roei
1510 4830 1580 4900 quod
1604 4831 1721 4900 gustavit
1745 4827 1891 4895 lorrothau,
1912 4836 1940 4884 et

310 4927 408 4998 gratiae
426 4934 518 4995 aptore
532 4930 674 4978 conantur.
690 4920 724 4975 Et
741 4934 834 4975 omnes
850 4919 985 4983 Haeretici,
1000 4917 1044 4986 rud
1062 4927 1100 4971 te-

312 5015 471 5073 stimonium
494 5015 520 5069 in
534 5029 583 5069 suo
597 5013 667 5077 loeo,
681 5012 759 5067 alteri
776 5010 865 5066 sensui
885 5024 1045 5079 congruens,
1062 5008 1101 5061 al-

312 5108 366 5164 teri
389 5107 511 5161 nituntur
529 5119 639 5160 assuere
651 5122 658 5159 ι
670 5118 731 5159 eum
747 5100 853 5157 Domini
876 5100 964 5153 tunica
985 5099 1102 5165 desuper

313 5205 388 5251 texta
401 5211 449 5266 per
458 5203 544 5250 totum
563 5194 649 5249 scindi
666 5193 777 5249 omnino
792 5207 845 5246 non
858 5190 951 5260 possit,
969 5190 1016 5244 scd
1029 5199 1101 5242 tetta

313 5288 418 5359 Spiritu
431 5295 525 5343 saneto
544 5286 645 5347 nullam
659 5285 769 5355 recipiat
781 5284 949 5339 scissionem.
964 5281 1039 5348 Quod
1052 5297 1101 5334 au-

312 5387 368 5434 teru
381 5377 481 5433 dicitur
488 5375 566 5445 juxta
577 5374 763 5445 Septuaginta,
782 5393 792 5426 ι
804 5380 831 5427 et
843 5388 896 5427 non
913 5372 1036 5435 intrabis,
1054 5387 1102 5425 ue-

311 5480 365 5536 que
373 5465 435 5530 erit,
450 5464 667 5536 »hoesignilicat
676 5478 737 5517 cum
745 5462 792 5516 tibi
806 5461 875 5517 idola
886 5460 983 5516 feceris
994 5475 1104 5530 perver-

311 5570 407 5614 ιοιιιιιι
422 5555 586 5627 dogmatum,
603 5570 663 5625 quae
680 5553 821 5608 arbitraris
837 5552 956 5618 excelsa,
979 5561 1006 5608 et
1021 5550 1105 5606 forni-

313 5657 376 5721 cata
389 5648 428 5703 sis
446 5663 527 5718 super
539 5648 589 5713 eis,
602 5646 715 5702 credens
729 5645 755 5699 in
771 5644 823 5710 his,
839 5658 898 5712 quae
916 5643 973 5712 ipsa
989 5642 1101 5707 finxisti,

312 5740 444 5811 templum
462 5740 514 5795 Dei
529 5741 632 5794 intrare
649 5753 702 5793 non
717 5736 829 5808 poteris,
847 5744 874 5789 et
897 5734 1041 5811 sirrrulacra
1057 5744 1102 5789 tua

307 5829 493 5886 'subsannant
510 5846 562 5885 nou
584 5830 732 5893 habebunt,
754 5841 842 5895 neque
862 5832 942 5879 crunt
964 5826 1000 5896 in
1011 5840 1104 5896 perpe-

311 5929 401 5987 tuum,
421 5921 528 5976 dicente
547 5918 691 5989 Apostolo:
709 5937 718 5969 (
733 5917 840 5972 Scimus
855 5915 926 5970 enim
950 5915 1012 5985 quia
1037 5916 1102 5970 nihil

310 6010 466 6067 estidoton
480 6009 507 6064 fu
524 6010 622 6065 inundo
635 6007 660 6080 (f
676 6004 737 6060 Cor.
752 6003 821 6077 rut).
840 6023 849 6059 ι
929 6023 930 6026 ’

1153 4924 1238 4993 aperti
1251 4923 1395 4978 suntoculi
1410 4921 1477 4989 ejus,
1494 4931 1522 4974 et
1534 4920 1701 4974 confortatus
1714 4929 1764 4983 est,
1785 4921 1873 4988 posuit
1886 4920 1938 4974 mi·

1153 5030 1214 5070 sera
1228 5012 1377 5068 Jerusalem
1400 5013 1428 5065 iu
1442 5022 1586 5079 conspeetu
1606 5006 1751 5074 idolorum,
1768 5012 1824 5065 sive
1846 5025 1940 5066 coram

1154 5104 1317 5174 irrraginibus
1340 5101 1511 5166 masculinis,
1539 5110 1569 5154 ut
1593 5108 1683 5155 csscut
1711 5101 1753 5154 his
1776 5102 1803 5154 iu
1828 5102 1938 5154 olorem

1155 5194 1306 5255 suavitatis,
1322 5209 1381 5259 qum
1393 5200 1488 5244 natura
1500 5207 1546 5245 sua
1559 5189 1645 5244 dulcio
1657 5198 1730 5253 suut,
1746 5199 1827 5259 atque
1837 5192 1940 5245 suariis-

1156 5282 1234 5337 sima.
1258 5280 1310 5334 Sed
1326 5281 1389 5333 dom
1416 5278 1566 5333 offeruntur
1586 5278 1672 5342 idolis,
1699 5277 1827 5347 falsisque
1843 5279 1942 5333 doctri-

1155 5375 1208 5438 nis,
1224 5379 1367 5427 vertuutur
1381 5372 1407 5424 in
1421 5371 1638 5424 auraritudiuem.

1161 5530 1164 5536 .
1194 5461 1250 5515 (Ει
1260 5460 1360 5516 factum
1374 5470 1425 5522 est,
1439 5461 1477 5513 ait
1492 5461 1619 5515 llonriuus
1634 5462 1714 5526 Deum,
1730 5469 1757 5516 ct
1772 5460 1856 5514 tulisti
1874 5459 1942 5513 lilios

1158 5532 1180 5606 ἶ
1191 5562 1261 5617 tuos,
1277 5559 1305 5606 et
1317 5550 1385 5606 filias
1399 5559 1468 5612 tuae,
1480 5565 1548 5619 quas
1560 5551 1674 5623 genuisti
1685 5551 1763 5616 mihi,
1778 5558 1805 5604 et
1817 5548 1939 5603 immola·
2014 5547 2021 5561 “

1159 5665 1168 5698 ι
1191 5646 1227 5701 sti
1240 5646 1280 5700 cis
1304 5644 1337 5699 ad
1352 5644 1546 5699 devorandum.
1562 5643 1688 5712 Nunquid
1708 5656 1792 5712 parva
1806 5650 1848 5695 est
1863 5651 1942 5695 torm·

1159 5755 1169 5788 ι
1191 5736 1263 5789 catio
1277 5743 1322 5787 tua
1346 5733 1510 5787 immolantis
1533 5733 1601 5787 tilios
1621 5749 1706 5796 meos,
1720 5742 1747 5786 et
1769 5729 1869 5786 dedisti
1883 5729 1944 5786 illos

1160 5847 1169 5879 ι
1191 5840 1354 5882 consecrans
1368 5825 1418 5879 eis.
1433 5825 1466 5878 Et
1478 5833 1538 5895 post
1550 5839 1645 5879 ornnes
1658 5821 1870 5877 abominationes
1881 5828 1942 5877 tuns

1159 5936 1168 5968 ι
1191 5926 1218 5971 et
1232 5915 1425 5970 fornicationes
1442 5929 1497 5968 nou
1517 5928 1549 5970 es
1566 5913 1707 5968 recordata
1726 5910 1831 5971 dierum
1854 5908 1936 5964 adole

1159 6026 1168 6057 ι
1192 6005 1389 6070 scentia-tuat,
1411 6002 1520 6076 quando
1543 6016 1605 6056 cras
1627 6000 1706 6064 nucia,
1731 6007 1759 6053 et
1780 5999 1948 6056 mutationis
