4500 6842
320 638 373 695 355
795 635 972 695 couleur.
993 637 1027 692 ld
1046 636 1274 694 szssclllutult.
1294 668 1329 679 -
1348 636 1413 692 till.
1430 638 1486 696 liti.
1901 654 1956 710 ggg

318 752 474 804 ostenderet
487 760 582 802 ornnes
604 745 699 802 sordes
726 757 755 802 et
770 749 832 803 ritla
848 765 863 804 a
883 750 1014 820 magistro
1030 750 1056 804 in
1070 750 1109 803 dl·
1124 760 1147 816 A
1162 750 1320 819 exceptione
1342 759 1475 805 conmeat
1495 752 1610 807 dicens:
1639 772 1649 803 r
1669 752 1763 812 Venite
1783 757 1818 812 ad
1837 774 1890 823 nte,
1911 765 1957 831 qni

317 842 428 913 scipulis
440 841 539 896 debere
553 838 629 906 dilui,
649 849 730 910 atque
747 842 868 913 purgari.
885 840 940 896 Nec
957 841 1051 896 statim
1066 856 1110 894 re·
1165 840 1294 896 laboratis
1321 852 1348 895 et
1376 844 1481 897 onerati
1510 845 1593 909 estis,
1621 854 1648 899 el
1680 861 1730 918 ego
1745 848 1878 915 ,reficiam
1907 868 1956 908 ros

317 934 508 1006 spondeamus,
519 930 582 1001 quid
595 930 706 1001 prodest
719 932 816 987 ducere
832 933 854 986 si
870 932 937 987 nolit
950 932 1057 987 auditor
1069 930 1110 985 la·
1161 929 1271 1001 (ιιιιιιιι.
1286 930 1352 1001 xil.»
1369 930 1397 986 Si
1414 942 1504 987 auteur
1518 949 1569 989 uon
1583 951 1678 991 eunies
1693 938 1894 1008 unirersaliter,
1910 944 1957 997 sed

315 1040 380 1081 certe
394 1022 465 1094 qnod
479 1020 620 1079 docueris?
631 1022 815 1091 uuusquisque
825 1023 897 1077 euim
913 1038 946 1077 es
958 1038 1007 1078 suo
1019 1022 1112 1077 animo
1161 1021 1292 1091 quosdam
1313 1022 1438 1086 advocat,
1454 1026 1577 1094 sequitur
1591 1034 1619 1080 ut
1633 1042 1686 1082 nou
1705 1043 1801 1085 omues
1821 1032 1876 1087 sint
1888 1048 1957 1088 one-

315 1126 400 1187 atque
409 1113 498 1171 allicio
507 1112 655 1183 judicatur.
668 1114 708 1168 Tu
723 1114 745 1169 si
760 1114 866 1169 locutus
882 1112 1050 1177 menineris,
1065 1112 1111 1169 ille
1161 1114 1226 1180 rati,
1246 1115 1290 1170 rel
1304 1116 1443 1188 originali,
1456 1117 1497 1172 rel
1512 1120 1610 1175 actuali
1625 1130 1748 1190 peccatu,
1768 1138 1819 1178 nec
1834 1139 1899 1180 reru
1921 1126 1957 1180 sit

314 1205 340 1261 si
350 1204 444 1260 audire
453 1202 655 1273 contempserit.
672 1200 777 1275 (ὅπερ.)
795 1202 865 1257 llirre
876 1217 983 1272 quoque
996 1201 1112 1273 sartagi·
1161 1205 1206 1261 iila
1221 1209 1354 1264 sententis
1370 1227 1376 1261 :
1395 1227 1404 1259 ι
1426 1209 1527 1265 0uures
1547 1212 1619 1266 enirn
1634 1223 1816 1281 peccauerunt
1832 1224 1860 1270 et
1877 1225 1957 1286 egent

314 1310 378 1350 ueru
393 1293 447 1349 alio
459 1293 520 1348 loeo
536 1291 619 1360 jussit
632 1306 750 1362 ponere,
767 1293 838 1348 inter
853 1307 882 1348 se
897 1300 925 1347 et
945 1292 1085 1347 ciuitatem
1101 1308 1108 1343 :
1160 1297 1245 1369 gloria
1260 1299 1307 1354 uei
1323 1298 1412 1371 (stom,
1427 1300 1480 1371 ιη),
1492 1320 1508 1363 ‚¹
1521 1318 1570 1357 ηερ
1580 1317 1629 1373 pe,
1639 1319 1734 1360 omnes
1745 1305 1870 1363 homine„
1883 1322 1957 1364 ,nors

318 1404 327 1435 ι
349 1385 423 1440 Ettu
438 1399 516 1439 sume
530 1384 577 1439 tibi
591 1384 757 1453 sartaginem
770 1382 899 1447 ferream,
915 1392 943 1438 et
954 1398 1038 1453 pones
1049 1397 1110 1438 eam
1160 1388 1341 1459 pertransisse
1366 1389 1503 1444 credatur.
1529 1390 1562 1445 Et
1584 1392 1610 1445 in
1634 1401 1738 1448 tantum
1770 1410 1884 1462 omnes,
1909 1398 1956 1467 qrd

316 1500 325 1530 ι
350 1494 458 1534 murum
479 1476 597 1532 ferreum
619 1476 690 1532 iuter
712 1483 748 1541 le,
770 1485 798 1552 ct
817 1476 889 1531 iuter
911 1476 1058 1540 civitatem,
1083 1482 1111 1530 et
1160 1487 1292 1549 pereunt,
1314 1488 1409 1534 curura
1427 1479 1475 1535 ilci
1502 1491 1617 1550 pereunt
1642 1482 1825 1549 voluntalem,
1851 1494 1881 1541 ul
1905 1503 1956 1543 ure

315 1594 326 1625 r
346 1572 505 1629 olrlirmabis
523 1569 620 1626 iaciom
640 1578 715 1626 tuam
729 1570 762 1624 ad
778 1585 848 1633 ιιιιιι,
873 1579 901 1624 et
915 1570 969 1625 erit
995 1570 1022 1624 iu
1036 1569 1110 1625 obsi·
1161 1568 1248 1640 ipsam
1268 1579 1383 1625 ιιιοιιιιιι
1404 1568 1588 1626 benefecisse
1606 1572 1745 1640 credatur,
1760 1574 1796 1629 ita
1810 1574 1952 1646 Scriptura

316 1684 325 1715 ι
349 1664 440 1723 dione.
464 1670 492 1719 et
509 1661 693 1719 circumdabis
711 1676 771 1716 earn
793 1660 903 1733 (derra.
924 1658 972 1731 rr).
1000 1679 1009 1713 ι
1032 1659 1110 1716 ilaue
1162 1669 1277 1716 testante
1292 1678 1299 1714 ι
1316 1680 1326 1711 ι
1343 1659 1412 1728 Quia
1426 1661 1624 1718 Deusurorlem
1647 1680 1701 1721 uon
1722 1665 1786 1721 iecit
1799 1666 1919 1742 (Seps),
1942 1688 1952 1722 ι

312 1756 479 1825 sartaginem
498 1755 570 1810 iuter
580 1766 609 1808 se
622 1752 808 1822 eldiscipulos
822 1767 930 1806 murum
943 1750 1043 1807 Paulus
1058 1767 1109 1821 po·
1160 1767 1211 1809 neo
1225 1751 1323 1824 gaudet
1335 1753 1364 1808 iu
1377 1754 1531 1824 perditione
1543 1755 1677 1812 uirorum.
1693 1757 1727 1813 Et
1739 1759 1800 1814 inde
1814 1770 1867 1826 est,
1881 1762 1954 1831 quod

312 1852 404 1899 srrerut
421 1859 482 1898 curn
501 1842 608 1898 dicebat
625 1861 632 1896 ε
652 1861 661 1893 ι
679 1841 794 1898 llurrdus
805 1857 865 1897 sum
882 1841 1110 1913 asanguineonr·
1160 1841 1320 1913 plerumque
1334 1843 1397 1897 dum
1416 1858 1466 1914 pro
1485 1843 1566 1900 bouis
1579 1847 1716 1901 contraria
1732 1847 1899 1917 postulamus
1910 1850 1953 1906 rel

314 1955 325 1989 r
348 1937 423 1989 rrirnn
441 1943 572 1990 restrum.
596 1934 655 1990 Non
678 1935 751 1988 eninr
776 1932 927 2003 subterfugi
963 1933 1109 2001 quominus
1160 1931 1264 1988 tardius
1275 1932 1319 1987 rel
1334 1947 1503 2004 nequaquam
1517 1942 1610 1989 nostra
1622 1935 1784 1992 exaudiatur
1797 1938 1896 1994 oratio.
1921 1939 1954 1993 Et

314 2047 324 2080 r
347 2027 626 2082 arrrruntiaremomue
637 2027 779 2083 consilium
791 2026 838 2084 Dei
852 2028 930 2083 vobis
941 2027 1012 2100 (det.
1025 2027 1104 2098 xx.)r
1160 2039 1255 2080 rursus
1268 2038 1310 2089 ea,
1332 2039 1393 2094 quse
1406 2024 1542 2080 eredimus
1557 2039 1618 2081 esse
1636 2026 1786 2089 contraria,
1806 2028 1908 2084 utiliter
1925 2039 1956 2085 ut

311 2118 389 2173 Nurrc
408 2132 474 2190 ergo
498 2119 623 2174 doctores
644 2133 756 2174 necesse
775 2125 828 2184 est,
852 2126 883 2173 ut
903 2126 1033 2188 appetant
1055 2118 1106 2174 zeli
1122 2113 1369 2188 Bbcuignissimus
1384 2116 1516 2180 medicus,
1532 2116 1614 2172 etiarn
1631 2116 1811 2173 invitissimus
1825 2118 1955 2174 Durrrinus

311 2209 458 2263 ardoribus
470 2206 544 2278 irigi,
558 2222 594 2263 ne
611 2217 745 2280 cogantur
767 2217 828 2279 post
849 2208 883 2265 ιιι
899 2215 1008 2279 torpore
1021 2208 1106 2280 negli-
1159 2204 1260 2262 inferre
1274 2207 1412 2276 dignatur.
1424 2207 1463 2263 dc
1487 2223 1539 2262 nou
1553 2223 1691 2277 nunquam
1712 2210 1880 2279 perniciosas
1898 2210 1952 2265 dis·

310 2299 410 2371 gentian
423 2294 485 2371 igne
505 2299 635 2368 gehennae
652 2299 779 2355 cruciari.
802 2298 855 2355 Sed
876 2299 948 2356 aliud
967 2308 1016 2355 est
1035 2300 1107 2370 qum
1158 2301 1307 2371 positiones
1343 2308 1451 2357 nostras
1477 2300 1645 2371 lethalesque
1665 2311 1779 2356 coriatus
1796 2302 1830 2357 ab
1856 2298 1954 2357 ellectu

309 2391 420 2461 injustis
428 2400 455 2446 et
468 2392 594 2459 subditis,
608 2392 681 2447 aliud
694 2392 767 2462 quod
782 2391 866 2461 justis
879 2401 907 2446 et
923 2408 976 2447 non
990 2392 1106 2447 subditis
1158 2392 1313 2449 detestabili
1334 2394 1455 2449 retardat
1474 2408 1506 2449 ae
1526 2401 1648 2459 reuocat,
1671 2410 1704 2450 ac
1723 2404 1899 2466 properantes
1917 2396 1952 2449 ad

308 2482 449 2536 ιιιιιιιιιιιι.
464 2481 506 2536 ud
521 2480 629 2536 illorum
641 2495 691 2535 uos
706 2480 905 2551 eorreptionem
923 2489 1004 2551 atque
1014 2489 1106 2536 euslo·
1158 2492 1285 2548 morlem‚
1301 2490 1329 2539 ιι
1339 2483 1373 2539 de
1387 2481 1486 2539 inserui
1506 2482 1630 2540 lancibus
1644 2486 1760 2542 retrahit
1772 2486 1808 2543 ad
1826 2486 1952 2551 salutern,

308 2572 384 2625 dianr
409 2569 609 2625 reddendamm
634 2571 771 2626 rationum
799 2570 879 2625 debet
903 2570 984 2625 timor
1010 2585 1107 2625 acccu-
1157 2587 1190 2629 ac
1204 2573 1325 2629 extralrit
1338 2574 1507 2644 ignorantes.

308 2662 403 2717 dere:
429 2660 463 2715 ad
489 2662 604 2716 istorum
628 2661 832 2716 venerationem
854 2660 912 2729 ipsa
934 2660 1105 2715 considerata
1197 2680 1207 2714 ι
1226 2661 1266 2716 Tu
1282 2662 1385 2733 itaque,
1399 2663 1436 2718 lili
1454 2664 1583 2732 bominis,
1595 2665 1640 2722 dic
1653 2665 1688 2721 sd
1701 2665 1772 2724 dlioa
1785 2669 1876 2739 populi
1890 2670 1952 2725 tui:

307 2757 426 2827 aequitas
443 2756 587 2811 inclinare.
609 2753 665 2810 Sed
684 2762 843 2826 arrogantes
858 2753 921 2817 riri,
941 2753 1003 2822 quia
1027 2751 1106 2820 lnrjus
1160 2770 1169 2804 ι
1191 2750 1300 2808 lustitia
1313 2751 1381 2822 justi
1395 2768 1448 2809 uon
1465 2753 1591 2811 liberabit
1602 2770 1665 2812 eum
1686 2756 1715 2815 in
1732 2773 1895 2830 quacunque
1906 2760 1953 2815 die

307 2846 424 2902 formam
438 2845 610 2903 discretionis
624 2845 759 2918 ignorant,
771 2845 823 2900 boc
834 2843 916 2913 justis
926 2854 954 2899 et
972 2858 1026 2898 usu
1041 2845 1106 2899 sub-
1159 2861 1168 2893 ι
1186 2843 1352 2913 peccaverit.
1376 2843 1411 2898 Et
1430 2844 1555 2914 impietas
1576 2844 1652 2918 impii
1676 2862 1729 2903 uon
1746 2848 1854 2904 nocebis
1876 2850 1901 2905 ei
1921 2850 1949 2905 in

307 2938 375 2993 diris
387 2937 527 3003 eslribent,
543 2935 614 3006 qnod
633 2950 649 2990 a
667 2935 746 2991 bonis
764 2934 990 3004 predicatoribus
1005 2931 1064 2988 lieri
1078 2940 1106 2988 et
1159 2952 1169 2984 ι
1191 2926 1353 3006 quacunque
1366 2937 1410 2993 die
1429 2952 1579 2995 conversus
1592 2939 1677 2996 luerit
1690 2940 1726 2997 ab
1737 2941 1877 3013 impietate
1890 2961 1950 3001 sua.

308 3028 418 3100 injustis
437 3037 466 3083 et
493 3026 608 3083 subditis
626 3027 729 3082 ridens
755 3026 807 3094 Qui
833 3041 896 3081 cum
911 3025 944 3080 ad
970 3024 1106 3081 ierrorem
1159 3041 1169 3075 ι
1192 3023 1324 3096 Eljustus
1337 3041 1390 3082 uon
1404 3028 1505 3098 poterit
1516 3030 1609 3085 virere
1623 3029 1765 3103 injustitia
1778 3048 1828 3089 sua
1842 3034 1871 3090 in
1884 3050 1953 3105 qua·

302 3119 455 3190 junctionis
478 3118 577 3189 injuste
589 3117 744 3189 prosiliunt,
759 3117 842 3173 ctiam
861 3131 911 3187 per
925 3117 1007 3172 rerba
1022 3114 1105 3171 male·
1158 3134 1169 3168 ι
1191 3131 1299 3187 cunque
1309 3117 1352 3171 die
1373 3119 1537 3187 peccauerit.
1551 3119 1676 3176 Etiamsi
1689 3117 1952 3195 dixeroiastoqood

306 3213 436 3272 dictionis
448 3212 583 3269 excedunt
593 3212 672 3284 :quia
689 3211 762 3267 euim
779 3224 950 3281 nequaquam
965 3209 1105 3279 proximus
1159 3226 1169 3259 r
1191 3208 1247 3264 rita
1259 3209 1333 3264 riral
1348 3217 1378 3264 et
1392 3209 1511 3267 conlisus
1523 3211 1551 3266 iu
1567 3211 1673 3280 lustitia
1685 3228 1734 3268 sua
1745 3211 1840 3270 iecerit
1853 3215 1953 3287 iniqui-

304 3309 380 3365 sicut
403 3321 434 3363 se
450 3306 580 3377 diligunt,
604 3304 737 3374 proximis
765 3312 862 3374 optare
886 3317 940 3357 rrou
965 3301 1102 3366 desinunt,
1159 3318 1168 3350 ι
1191 3308 1286 3367 tatem,
1297 3315 1393 3357 onmes
1403 3300 1516 3371 justitiae
1529 3304 1588 3374 ejus
1610 3303 1740 3361 obliuioni
1757 3307 1906 3375 tradentur,
1924 3317 1953 3365 et

305 3398 381 3468 qnod
408 3396 459 3469 ipsi
483 3395 593 3452 sibimet
616 3394 725 3450 evenire
741 3393 946 3465 pertimescunt.
966 3390 1103 3465 (Hieron.)
1159 3412 1169 3445 r
1192 3394 1219 3450 in
1232 3394 1376 3465 iniquitate
1385 3411 1527 3467 suaquam
1539 3407 1666 3469 operatus
1678 3407 1731 3465 est,
1743 3401 1769 3455 in
1780 3400 1839 3472 ipsa
1852 3404 1952 3460 urrrrie-

305 3490 345 3547 ιιι
358 3488 497 3561 magistris
510 3487 709 3560 negligentibus
720 3486 847 3542 Salonmr
865 3485 1006 3556 loquitur:
1024 3504 1034 3536 ι
1055 3483 1142 3553 Sec
1160 3502 1170 3535 r
1192 3494 1246 3541 tur.
1262 3485 1417 3543 sinautem
1435 3488 1530 3545 dixero
1552 3489 1647 3560 impio,
1669 3490 1754 3547 llorte
1769 3492 1903 3559 morieris,
1922 3506 1951 3550 et

307 3602 318 3636 r
339 3581 444 3653 pierrtia
461 3578 618 3637 absomdita
629 3589 658 3635 el
670 3580 815 3634 thesaurus
828 3578 962 3645 occultas,
976 3592 1037 3650 qua
1048 3578 1103 3633 uti·
1156 3594 1166 3628 t
1187 3577 1274 3648 egerit
1287 3578 1475 3648 penitentiam
1492 3594 1508 3633 a
1521 3589 1635 3649 peccatu
1647 3596 1709 3647 suo,
1719 3580 1869 3654 feceritque
1875 3584 1951 3654 iudi-

306 3694 317 3728 r
339 3674 405 3730 litas
429 3673 456 3729 in
471 3672 603 3741 utroque!
618 3691 628 3725 r
646 3670 743 3743 (dccli.
762 3669 819 3744 xer)
838 3669 903 3725 Tale
917 3670 983 3740 quid
998 3669 1103 3741 siguili·
1156 3684 1166 3718 ι
1188 3666 1262 3723 cium
1274 3675 1303 3723 ιι
1315 3666 1462 3737 justitiam,
1481 3669 1579 3739 pignus
1600 3670 1752 3726 restituerit
1766 3670 1811 3727 ilie
1835 3672 1948 3744 impius,

303 3773 388 3821 estur
407 3772 438 3820 et
462 3764 489 3820 in
518 3762 663 3834 Evangelio
688 3761 798 3835 (ιιιιιι.
826 3761 922 3834 svin),
955 3760 1027 3831 qnod
1055 3760 1102 3830 qui
1157 3774 1167 3808 ι
1187 3756 1366 3829 rapinamque
1388 3758 1545 3825 reddiderit,
1567 3759 1595 3814 in
1618 3760 1754 3817 mandatis
1768 3762 1832 3818 rus
1854 3762 1951 3818 aranu-

304 3854 534 3913 seaudaliaarerit
546 3868 629 3909 nuum
645 3852 679 3908 de
693 3852 813 3908 minimis
824 3851 962 3917 Ecclesia,
976 3850 1104 3921 expediat
1157 3866 1166 3896 ε
1189 3847 1299 3916 laverit,
1313 3864 1366 3904 nec
1381 3847 1478 3905 lecerit
1487 3851 1637 3922 quidquam
1647 3851 1789 3923 injustum,
1808 3854 1863 3911 rita
1876 3855 1952 3912 rivet

304 3950 332 4004 ei
341 3956 372 4003 nt
383 3947 550 4017 alligeturad
562 3944 728 4016 eobnmejns
736 3944 807 4000 mola
820 3944 949 4010 asinaria,
957 3942 1103 4014 etabjicia·
1155 3956 1166 3992 ι
1188 3947 1218 3994 ιι
1228 3954 1282 3994 aon
1294 3940 1436 4007 morietur,
1451 3942 1543 3996 omnia
1553 3950 1664 4013 peecata
1685 3943 1755 4015 ejus,
1769 3960 1830 4015 quae
1850 3958 1948 4015 peeca-

305 4047 353 4095 tur
367 4038 394 4093 in
405 4038 580 4110 profundum,
592 4052 673 4107 quam
684 4037 712 4091 iu
725 4035 833 4105 specula
846 4037 1009 4092 constitutus
1020 4034 1102 4105 pluri·
1157 4048 1167 4082 ι
1188 4030 1229 4085 ιιι
1253 4045 1307 4086 nou
1326 4031 1532 4102 imputabuntur
1553 4033 1589 4088 ei.
1613 4030 1751 4089 iudicium
1764 4043 1793 4091 et
1810 4033 1948 4106 justitiam

305 4132 361 4185 mis
380 4136 486 4183 rmceat
503 4148 513 4180 ι
532 4128 572 4183 Tu
583 4142 658 4199 ergo,
674 4127 711 4183 illi
727 4128 857 4195 bouriuis,
873 4129 918 4185 die
938 4129 973 4184 ad
993 4130 1102 4186 domum
1156 4140 1166 4173 t
1188 4122 1263 4189 lecit,
1277 4122 1332 4177 rita
1355 4122 1630 4178 lived-Eldd¹0r1¹dl
1647 4123 1694 4178 filii
1711 4124 1802 4195 polidld
1825 4126 1874 4182 llll·
1890 4124 1948 4181 Non

304 4218 411 4275 lsrael:
430 4219 470 4273 sic
489 4217 571 4274 locuti
585 4218 653 4274 estis
668 4218 800 4285 dieentes,
818 4220 976 4291 iniquitates
1002 4228 1103 4275 nostr-<e
1156 4232 1165 4266 ι
1186 4221 1230 4269 esd
1249 4213 1322 4282 aedldd
1348 4213 1477 4283 ponderis
1501 4213 1545 4267 lla
1573 4212 1692 4281 bomini,
1712 4223 1741 4270 θι
1761 4215 1881 4286 dimidiu
1904 4217 1948 4272 lid

304 4321 334 4365 et
354 4318 466 4379 peccata
488 4317 580 4364 nostra
604 4323 687 4379 snper
710 4323 761 4365 uos
777 4318 856 4375 sunt,
873 4317 901 4364 et
921 4309 950 4364 in
965 4308 1031 4380 ipsis
1052 4322 1102 4363 uos
1156 4322 1165 4356 ι
1188 4302 1287 4374 injusta
1300 4311 1352 4359 cst.
1367 4302 1435 4359 Cum
1452 4304 1525 4358 enim
1544 4301 1788 4374 recesseritjustus
1811 4304 1949 4376 ejuslitia

306 4400 484 4463 tabescimus,
498 4399 634 4468 quomodo
647 4411 713 4469 ergo
727 4399 818 4454 rivere
829 4398 997 4469 poterimus?
1008 4397 1057 4454 llic
1067 4398 1102 4454 ad
1156 4416 1166 4448 ι
1188 4411 1254 4462 sua,
1271 4394 1419 4467 feceritque
1444 4396 1632 4472 iniquitatem,
1649 4398 1783 4454 morietur
1800 4399 1829 4454 iu
1844 4399 1895 4456 eis.
1915 4399 1949 4461 Et

305 4504 376 4547 eos:
393 4489 461 4546 l'lro
474 4504 535 4562 ego,
560 4489 626 4546 dicit
643 4490 775 4546 murinus
797 4490 880 4557 Deus,
901 4489 966 4547 uolo
985 4499 1102 4547 mortem
1155 4507 1167 4541 s
1188 4503 1250 4544 eoru
1263 4488 1407 4543 recesserit
1417 4488 1516 4559 impius
1529 4489 1563 4544 ab
1575 4488 1714 4559 impietate
1723 4505 1788 4555 sua,
1799 4488 1949 4559 ieceritqne
2020 4521 2023 4528 -

304 4580 395 4653 impii,
410 4580 458 4637 sed
480 4590 512 4638 ut
530 4589 684 4639 revertatur
706 4581 805 4654 impius
825 4598 841 4638 a
858 4583 899 4638 ria
910 4598 958 4640 sua
972 4592 1002 4640 et
1016 4584 1100 4640 rival.
1156 4596 1166 4630 t
1185 4576 1316 4647 iudicium
1329 4577 1510 4649 elidtldlldmr
1528 4578 1639 4635 ιίιθῑίιι
1651 4579 1701 4636 01⁸·
1712 4578 1748 4635 Et
1764 4580 1872 4645 divelli,
1887 4578 1947 4635 Ndd

302 4673 536 4734 mrerdminia
559 4674 612 4730 viis
631 4674 731 4731 vestris
750 4674 876 4746 pessimis
894 4682 1022 4745 atquem
1043 4690 1102 4730 mo-
1156 4687 1167 4721 ι
1188 4678 1231 4725 ιιι
1253 4668 1386 4725 fecialia
1402 4668 1520 4726 [lomim.
1549 4670 1776 4740 Unumqueluqlle
1790 4668 1868 4739 juxta
1888 4670 1949 4727 ιιιιι

305 4763 430 4830 rieurini,
441 4763 538 4820 ιοιιιιιι
552 4761 645 4820 israel.
661 4782 672 4816 ι
689 4760 769 4836 (Greg
782 4760 792 4835 )
806 4759 857 4830 Qui
875 4764 949 4819 enim
961 4772 993 4820 ιιι
1005 4772 1103 4835 pereat
1157 4778 1167 4811 ι
1191 4775 1255 4816 suas
1268 4759 1396 4833 judicabo
1410 4761 1444 4817 de
1456 4761 1543 4827 rubis,
1561 4762 1657 4816 domus
1667 4759 1760 4816 lsrael.
1778 4778 1788 4812 ι
1808 4758 1945 4832 (Hieron.)

305 4870 379 4911 uuus
402 4854 437 4909 dc
457 4852 564 4924 pusillis
589 4869 644 4910 nou
668 4852 752 4910 babet
772 4852 949 4921 volunlatem,
968 4868 1024 4925 quo
1042 4855 1102 4909 siue
1114 4838 1142 4900 ι)
1155 4849 1183 4907 Si
1204 4850 1371 4922 negligenter
1390 4851 1511 4920 legamus
1537 4850 1644 4905 ridetur
1661 4849 1740 4905 nobis
1761 4851 1858 4906 eadem
1883 4864 1947 4920 pro-

305 4945 412 5019 ingcuti
435 4943 576 5016 sacrilegio
599 4943 735 5016 putandus
755 4950 812 5010 est,
834 4959 888 5001 aon
911 4943 1102 5001 urrlrersaliter
1152 4944 1245 5014 pbetia
1259 4957 1335 5007 esse,
1348 4956 1409 5012 quse
1427 4957 1508 5013 supra
1533 4941 1560 4996 iu
1580 4957 1634 5012 qua
1651 4941 1771 4997 dieitur:
1794 4959 1803 4993 ι
1820 4940 1947 5013 Nunquid

303 5037 474 5104 osrrrres,scd
488 5036 621 5107 quosdam
643 5035 734 5093 salros
752 5034 811 5091 lteri
832 5034 910 5091 selle.
925 5035 1103 5091 Exomuibus
1151 5033 1247 5091 rolens
1266 5032 1347 5104 cupio
1369 5041 1486 5088 mertem
1508 5031 1616 5103 iniqui,
1634 5032 1702 5089 dicit
1719 5032 1868 5098 Dominus,
1892 5032 1944 5089 uisi

302 5145 373 5201 ergo
394 5128 549 5199 quicunque
571 5134 694 5198 ριιιιιιιι,
713 5134 809 5183 contra
831 5126 904 5182 illius
925 5134 1040 5196 pereunt
1055 5141 1103 5182 ro·
1153 5124 1276 5182 conuerti
1290 5138 1354 5178 eum
1367 5138 1384 5177 a
1395 5121 1440 5177 ria
1450 5121 1521 5178 mala
1533 5132 1562 5179 et
1575 5122 1705 5179 riverelr
1721 5123 1755 5181 tu
1766 5123 1793 5180 in
1807 5122 1862 5179 due
1876 5120 1945 5192 eius-

304 5221 449 5278 lautatem.
463 5217 504 5275 lta
517 5230 553 5274 eo
593 5218 628 5273 ad
638 5231 860 5288 unumquemque
873 5229 968 5272 eourm
982 5215 1103 5287 quotidie
1154 5217 1217 5273 dem
1229 5215 1402 5288 prophetie:
1425 5233 1435 5267 ι
1458 5211 1656 5272 convertimini
1670 5224 1698 5272 et
1721 5216 1809 5275 redite
1829 5217 1864 5274 ab
1883 5217 1945 5272 uni-

304 5312 518 5386 proslatuaule3
543 5328 553 5362 r
579 5308 807 5366 Consertiminia
831 5307 883 5363 riis
896 5307 996 5363 restris
1018 5308 1101 5376 pessi-
1154 5307 1242 5363 versis
1264 5305 1448 5377 impietatibus
1466 5306 1574 5371 restris,
1595 5316 1625 5362 et
1643 5321 1697 5363 nou
1716 5319 1796 5364 erum
1816 5309 1894 5366 robis
1916 5312 1943 5365 in

306 5408 370 5464 mis.
389 5424 399 5459 s
418 5403 471 5461 lla:
487 5422 497 5457 ι
514 5403 604 5472 Quare
621 5402 784 5468 moriemini,
804 5403 899 5457 domm
912 5399 1013 5456 lsrael!
1036 5418 1048 5455 s
1067 5400 1101 5456 Et
1154 5407 1319 5456 tormentum
1331 5397 1492 5469 iniquitatis.
1512 5417 1522 5451 r
1540 5397 1662 5455 lbieuim
1677 5398 1712 5455 ad
1733 5414 1781 5458 eas
1797 5414 1887 5457 sermo
1901 5401 1943 5468 iit,

307 5500 409 5556 iterum
433 5515 441 5550 ι
467 5513 478 5549 ι
502 5495 616 5563 Quoties
643 5495 717 5551 volui
739 5508 905 5564 congregare
928 5492 998 5549 dlios
1027 5500 1098 5559 tuos,
1152 5492 1199 5562 qai
1227 5490 1323 5546 velunt
1342 5503 1425 5562 agere
1446 5490 1634 5559 peniondam
1655 5499 1684 5546 et
1702 5489 1809 5561 justitia
1830 5504 1942 5563 peccata

306 5590 381 5646 sieut
394 5586 496 5659 galbera
507 5586 752 5659 cougregatpullos
766 5600 831 5641 suus
844 5584 895 5642 snb
911 5585 967 5646 alas
982 5601 1057 5654 suas,
1073 5594 1101 5641 et
1152 5583 1254 5649 delere,
1269 5591 1299 5637 ut
1311 5596 1374 5639 eum
1393 5580 1490 5638 ddncia
1501 5591 1704 5648 consertarum,
1715 5591 1742 5639 el
1761 5584 1842 5654 plena
1853 5587 1944 5642 srrlnro

307 5679 438 5737 inlusisti?
455 5676 587 5752 r(llnttlr.
603 5677 694 5752 ιιιιι.)
708 5677 760 5734 Et:
775 5677 895 5746 souare,
908 5678 1006 5749 iuquit,
1022 5693 1100 5735 aser·
1153 5680 1236 5746 agant
1252 5670 1450 5743 murenulam.
1468 5668 1518 5725 llic
1530 5680 1620 5726 autem
1633 5672 1667 5728 ad
1685 5687 1733 5728 eos
1745 5672 1880 5743 loquitur,
1896 5676 1943 5745 qui

305 5787 357 5832 sas
369 5780 414 5830 est
435 5770 552 5843 popualus
574 5772 627 5828 isle
641 5772 670 5826 iu
693 5769 862 5826 Hierusalem
876 5770 1018 5826 simeone
1038 5786 1103 5827 eon-
1153 5762 1341 5836 tnaguitudiue
1360 5771 1546 5833 peecatorum,
1560 5765 1615 5818 imo
1638 5764 1805 5833 impietatum
1832 5780 1943 5829 uarum

306 5862 440 5921 tentiesa.
455 5862 653 5918 induraremnt
670 5861 792 5918 eervices
808 5876 884 5929 snas,
897 5860 1044 5918 uoluerunt
1057 5876 1102 5919 re·
1153 5858 1299 5928 desperem
1319 5854 1445 5921 salumin,
1460 5865 1488 5910 et
1502 5856 1595 5912 dilatat
1608 5872 1615 5908 :
1626 5855 1785 5925 iniquitates
1797 5864 1897 5913 ιιιιιιιε
1915 5868 1944 5916 et

305 5953 391 6010 verti.
415 5971 425 6005 ι
444 5950 549 6007 Preslo
568 5959 611 6007 est
634 5966 699 6022 ergo
713 5950 836 6021 quotidie
859 5949 906 6005 bei
919 5951 1019 6021 gratia,
1044 5965 1102 6020 que
1153 5956 1265 6019 peecata
1283 5953 1375 6003 utrstra
1390 5960 1472 6017 super
1491 5961 1541 6002 uos
1559 5954 1632 6010 snut,
1652 5954 1681 6001 et
1702 5946 1809 6016 idipsis
1828 5949 1945 6007 tabesci-

305 6043 373 6102 dun
388 6042 447 6096 ruit
467 6056 563 6098 omnes
576 6042 701 6099 homiues
718 6040 807 6098 salros
823 6039 904 6107 lieri,
920 6042 1023 6115 absque
1047 6041 1100 6100 ulla
1154 6054 1225 6106 rrius,
1236 6038 1540 6113 quomorloergosirere
1549 6035 1719 6112 poterimusl-
1729 6036 1762 6098 Ει
1773 6047 1816 6099 est
1828 6054 1941 6103 seusus·
