4500 6842
310 640 363 699 5th
627 642 658 697 Β.
680 642 806 699 hubald
825 643 935 701 Manat
953 642 1112 699 tuemur.
1133 640 1288 700 MOGUNT.
1304 641 1446 701 mundat
1465 642 1555 700 PARS
1571 643 1603 701 ll.
1888 648 1942 709 &li

309 756 401 813 rtatim
416 748 784 818 murmurationesque
806 754 882 819 dicit,
907 754 995 818 idest,
1014 750 1099 808 transi
1114 756 1294 829 Amagnam
1311 751 1417 806 Domini
1443 754 1529 810 nostri
1553 752 1617 809 lesu
1641 752 1741 809 Christi
1770 752 1941 813 clausentiam

309 850 343 905 de
355 844 404 903 h'ac
416 846 470 904 vita
492 845 598 924 mortali
617 853 644 900 ct
656 845 687 900 in
710 855 818 900 aetcrmc
843 846 905 900 ritae
928 847 1005 900 beata
1024 843 1096 899 sede
1150 840 1272 895 translati
1284 857 1387 909 sumus,
1399 856 1448 912 per
1458 840 1516 912 ejus
1529 843 1681 914 passionem
1693 853 1723 898 et
1733 852 1847 901 mortun
1861 856 1951 919 atque,

309 939 440 996 refouere.
471 936 533 992 llaec
555 936 628 991 enim
652 945 744 1006 postea
767 936 890 991 (ficturos
909 936 1016 991 interim
1036 942 1100 1007 post
1149 932 1375 986 resurrectionem
1394 933 1428 987 de
1447 942 1534 988 morte
1550 932 1937 1005 etpotestatediaboiiadlil

309 1040 415 1103 pastum
432 1036 513 1099 atque
532 1019 724 1098 agriculturam
739 1026 811 1083 domi
833 1027 883 1084 sibi
899 1026 977 1095 jubet
1000 1041 1099 1098 parare
1149 1021 1242 1075 beram
1266 1021 1373 1077 Domini
1398 1024 1484 1078 nostri
1508 1024 1554 1079 bei
1578 1024 1749 1093 setlilssiem·
1765 1028 1798 1083 de
1823 1030 1945 1087 lentilli!

308 1120 380 1191 quod
395 1126 492 1180 cenet,
503 1117 556 1173 boc
566 1124 608 1172 est
618 1125 679 1186 post
693 1118 811 1172 laborem
826 1126 927 1187 apertae
941 1116 1097 1181 locutionis,
1149 1114 1242 1168 aeterni
1256 1114 1381 1185 supplicii
1392 1117 1425 1171 ad
1437 1117 1613 1172 beatitudinis
1623 1128 1731 1174 aurine
1740 1119 1837 1190 gaudia
1849 1136 1945 1180 sumus

309 1209 487 1266 humilitatem
508 1223 615 1279 quoqne
638 1207 754 1280 propria
768 1206 995 1263 considerationis
1018 1206 1097 1262 exhi·
1148 1206 1287 1274 perducti;
1302 1216 1330 1261 et
1341 1208 1392 1262 hoc
1403 1208 1430 1262 io
1444 1217 1537 1264 nostra
1550 1210 1632 1264 situm
1643 1219 1839 1280 estpotestate,
1851 1222 1943 1270 utrum

307 1301 382 1358 bere.

1149 1300 1263 1350 mortem
1277 1296 1425 1368 eligamus,
1440 1314 1475 1353 ao
1488 1300 1583 1354 uitam.
1602 1299 1716 1356 blortcm
1730 1302 1855 1374 eligimus
1871 1305 1895 1360 si
1915 1305 1944 1363 lu

343 1390 378 1446 iit
393 1389 567 1463 procingere,
583 1399 607 1444 et
618 1390 739 1445 ministra
758 1389 823 1443 milri
837 1389 919 1443 donec
941 1388 1098 1443 mandacem
1148 1388 1210 1442 odio
1224 1387 1339 1458 proximi
1355 1397 1383 1444 et
1396 1390 1423 1444 in
1438 1406 1531 1446 autore
1544 1391 1715 1462 persistimus
1729 1376 1833 1451 mun'di.
1849 1394 1942 1454 Vitam

306 1493 329 1538 et
358 1481 455 1535 bibam.
484 1480 613 1551 Praecingi
640 1488 698 1545 est,
726 1488 843 1535 mentem
870 1479 1038 1535 humiliatam
1063 1477 1098 1533 ab
1148 1492 1213 1548 ergo
1228 1479 1354 1551 eligimus
1373 1480 1396 1536 si
1418 1482 1503 1537 Deum
1526 1491 1583 1539 toto
1601 1486 1691 1551 corde,
1709 1494 1764 1541 tuta
1786 1497 1877 1544 mente
1898 1498 1944 1545 to-

305 1569 431 1626 omnibns
446 1568 631 1626 fluctuantium
651 1570 843 1641 cogitationum
864 1570 978 1635 sinibus,
998 1569 1098 1640 quibus
1121 1592 1122 1595 ¹
1149 1578 1230 1641 taque
1248 1572 1348 1626 uirtute
1371 1573 1508 1645 diligimus
1530 1583 1558 1630 et
1580 1576 1719 1645 proximos
1741 1587 1849 1635 nostros
1871 1580 1944 1637 sicut

305 1679 419 1734 operum
443 1678 552 1736 gressus
578 1662 710 1734 impedire
729 1662 797 1716 solet
821 1662 1018 1732 constringere,
1034 1676 1097 1716 nam
1149 1664 1339 1734 nosmetipsos.
1785 1732 1788 1737 Ι

306 1753 353 1825 qui
366 1754 526 1810 uestimenta
541 1752 694 1823 praecingit,
717 1753 768 1807 hoc
791 1752 846 1823 agit
863 1752 957 1821 artique
971 1767 1004 1806 ne
1026 1751 1098 1806 inec·
1184 1752 1237 1819 Qui
1250 1771 1301 1808 nou
1314 1754 1409 1826 diligit,
1424 1767 1511 1811 monet
1525 1758 1552 1811 in
1566 1768 1659 1813 morte.
1679 1758 1782 1815 lledeat
1796 1765 1943 1835 unnsquis-

306 1847 374 1903 dens
400 1846 550 1901 involvatur
572 1846 606 1900 ad
630 1845 750 1916 lapsum,
775 1845 930 1899 ministrare
954 1860 1019 1900 tero
1042 1845 1098 1899 lieo
1148 1859 1201 1913 quc
1215 1846 1248 1900 ad
1262 1860 1415 1912 corsuum,
1432 1848 1454 1902 si
1469 1848 1506 1902 ibi
1521 1849 1641 1904 inveniet
1655 1851 1825 1919 charitatem,
1851 1856 1878 1911 id
1901 1866 1946 1915 est

306 1945 348 1992 cst
369 1935 509 1991 minimum
533 1950 562 1990 se
574 1950 625 2006 per
647 1936 740 1990 omnia
754 1943 782 1989 ct
795 1934 896 2005 absque
923 1935 1017 2005 gratim
1038 1933 1105 2004 ejus·
1149 1934 1319 1991 dilectionem
1334 1936 1383 1992 Dei
1399 1945 1426 1993 ct
1439 1939 1556 2008 proximi
1572 1955 1679 2010 pamm,
1694 1957 1807 1999 secturus
1819 1945 1864 2010 sit,
1877 1948 1943 2017 quia

306 2024 407 2080 auxilio
429 2023 496 2079 nibil
515 2023 614 2078 virium
642 2023 787 2079 habentem
812 2024 946 2095 proiltcri.
974 2024 1097 2081 Minister
1150 2028 1274 2084 transisit
1286 2029 1319 2084 de
1328 2037 1415 2085 morte
1423 2031 1462 2084 ad
1475 2030 1568 2085 sitam.
1578 2030 1617 2087 Ne
1630 2049 1695 2105 ergo
1708 2036 1819 2103 putetis,
1830 2035 1944 2107 iratres,

305 2114 526 2170 coirnamiuore
543 2121 626 2181 statu,
643 2115 741 2178 idest,
767 2115 948 2186 subjectione,
973 2116 1045 2172 sicut
1068 2124 1096 2172 et
1111 2105 1134 2166 B
1148 2121 1207 2178 lere
1230 2137 1290 2177 esse
1312 2123 1404 2179 odisse
1434 2132 1481 2178 ant
1501 2139 1554 2179 uon
1576 2124 1689 2197 diligere
1710 2125 1834 2195 tratrem,
1850 2132 1946 2189 audite

306 2206 433 2277 Magister
453 2219 469 2260 a
492 2205 588 2276 maiori
617 2206 779 2262 vocabulum
803 2207 929 2279 sumpsit.
960 2205 1097 2263 llinistrat
1148 2211 1220 2281 quod
1235 2211 1373 2281 sequitur:

305 2310 371 2370 crgo
384 2297 527 2363 conditori,
549 2297 597 2369 qui
609 2296 669 2366 ejus
687 2306 814 2354 naturam
838 2298 1013 2353 considerans
1024 2299 1096 2369 ejus·
1184 2300 1275 2369 Omnis
1288 2304 1333 2373 qui
1346 2302 1401 2357 odit
1412 2301 1524 2373 [rutrum
1542 2321 1637 2372 auum,
1659 2306 1791 2364 homicida
1805 2319 1853 2365 ert.
1880 2309 1943 2367 lam

306 2404 359 2461 qne
369 2387 472 2459 judicia
488 2388 694 2459 pertimescens,
718 2389 751 2445 de
771 2389 870 2447 scisse
885 2390 1032 2447 virtutibus
1047 2391 1096 2463 htx-

306 2481 402 2537 miliat.
837 2468 839 2473 ’

343 2572 376 2627 lia
396 2583 425 2628 tu
444 2567 564 2652 'posthac
580 2571 754 2631 manducabit
779 2583 804 2629 et
825 2574 904 2636 bibet.
935 2572 1095 2651 Postquam,

306 2658 413 2743 inquit,
436 2671 495 2743 ipse
516 2681 569 2728 tuae
595 2671 798 2743 praedicationis
822 2686 905 2742 opere
936 2670 1095 2737 delectatus,

306 2772 411 2834 tuteque
432 2765 647 2836 compunctionis
667 2764 752 2834 epulis
778 2764 855 2819 ittera
881 2763 1009 2827 reiectus,
1033 2773 1096 2819 tunc

305 2857 412 2912 demum
432 2866 462 2914 tu
483 2866 605 2914 transeas
619 2864 646 2911 et
666 2857 818 2921 recumbes,
840 2857 1004 2925 aternisque
1029 2869 1096 2911 mccc

305 2947 447 3018 sapientiae
460 2946 571 3018 dapibus
582 2948 610 3003 in
624 2957 756 3003 aeternum
774 2946 918 3002 reficieris.

342 3036 470 3109 Nunquid
487 3037 600 3108 gratiam
624 3035 700 3091 habet
727 3053 800 3091 seraa
823 3034 863 3090 itti
890 3036 935 3107 qui
954 3036 1014 3106 [ecit
1038 3053 1097 3107 quta

304 3127 354 3181 ribi
372 3126 563 3199 imperauerat?
576 3143 628 3182 uuo
645 3136 718 3198 pato.
733 3127 777 3182 Sic
794 3137 818 3182 et
833 3144 878 3181 aar
898 3145 958 3182 carn
981 3127 1095 3197 feceritis

1147 2391 1220 2445 enim
1242 2392 1265 2447 si
1286 2393 1435 2448 continebit
1449 2394 1511 2464 quis
1524 2395 1615 2450 odium
1631 2395 1798 2466 fraternum,
1818 2402 1945 2472 nunquid

1148 2481 1324 2537 homicidium
1339 2483 1365 2537 io
1379 2484 1464 2539 corde
1476 2500 1526 2540 sno
1539 2488 1709 2543 contemnit?
1727 2492 1851 2559 quamvis
1868 2492 1944 2550 enirn

1147 2586 1244 2635 manns
1257 2588 1311 2629 non
1328 2582 1434 2633 mancat
1455 2576 1490 2632 ad
1510 2576 1686 2648 occidendum
1708 2579 1864 2644 bominem.
1891 2598 1945 2655 per

1147 2669 1238 2723 odium
1251 2668 1367 2740 proximi
1376 2667 1434 2737 jam
1446 2677 1476 2723 ut
1488 2668 1625 2724 homicida
1638 2683 1702 2726 reus
1713 2679 1755 2726 cst
1767 2679 1831 2726 ante
1844 2671 1944 2727 Derim.

1150 2760 1222 2815 Vivit
1242 2760 1286 2817 ille
1303 2769 1330 2816 et
1345 2762 1397 2817 iste
1414 2761 1470 2832 jam
1489 2761 1649 2819 interlector
1659 2764 1818 2835 judicatur:
1837 2766 1901 2836 quia
1920 2768 1945 2823 si

1148 2865 1202 2904 nort
1216 2850 1381 2920 proximum,
1397 2858 1488 2908 tamen
1503 2852 1622 2924 seipsum
1635 2864 1661 2910 et
1674 2856 1792 2912 animam
1806 2871 1883 2913 suam
1897 2874 1946 2915 oc·

1149 2943 1213 2998 cidit
1226 2935 1329 2999 in'odio
1341 2943 1385 3000 vel
1398 2945 1498 3001 invidia
1512 2948 1630 3017 proximi
1643 2949 1696 3004 soi.

1183 3032 1217 3086 Et
1232 3034 1304 3088 scitis
1317 3035 1443 3105 quoniam
1458 3038 1542 3091 omnir
1555 3037 1688 3093 homicida
1704 3056 1756 3095 ooo
1771 3042 1847 3097 habet
1862 3044 1945 3098 tritam

1149 3134 1273 3178 aeternam
1287 3125 1314 3178 io
1329 3127 1466 3195 semetipso
1480 3139 1637 3184 manentem.
1664 3129 1781 3202 Spiritus
1793 3133 1864 3189 enim
1881 3151 1946 3190 san·

305 3217 462 3289 omniaque
472 3226 601 3288 precepta
614 3218 766 3281 ruotuoiir,
780 3218 875 3272 dicite:
896 3215 970 3273 Serui
992 3215 1098 3272 irrutilet
1149 3220 1210 3267 ctas
1232 3213 1382 3285 disciplinae
1404 3215 1514 3288 effugiet
1536 3216 1651 3273 lictum:
1673 3228 1701 3276 et
1724 3222 1770 3276 nbi
1792 3223 1885 3278 odium
1903 3224 1946 3280 rel

307 3325 409 3376 quippi,
436 3307 466 3363 st
488 3308 581 3374 homo,
606 3308 705 3378 inquit,
736 3308 771 3363 ab
800 3307 909 3364 homine
932 3323 1013 3365 servo
1044 3324 1098 3364 110„
1149 3300 1249 3356 invidia
1267 3312 1375 3370 manet,
1396 3320 1448 3359 non
1468 3306 1654 3364 babctloeum
1673 3309 1859 3377 ibicbaritas,
1883 3331 1947 3386 qnae

307 3397 442 3455 nuilorme
474 3399 523 3455 sed
545 3398 684 3470 multiplex
709 3400 890 3455 ministerium
912 3400 1015 3472 exigit,
1046 3416 1097 3457 nec
1149 3393 1524 3467 Detiseshitisitlelionsstm
1533 3398 1946 3469 benignitatemhnmanitatcm

306 3500 395 3547 tamen
410 3491 435 3546 ei
447 3491 561 3563 gratiam
576 3491 667 3557 habet,
684 3491 891 3574 quantomagis
905 3506 963 3556 vos,
975 3491 1022 3561 qui
1038 3492 1097 3548 sine
1111 3467 1134 3530 C
1149 3484 1277 3552 proximi,
1292 3497 1341 3554 per
1352 3484 1550 3540 contessionem
1564 3494 1591 3541 et
1601 3488 1788 3557 paenitentiam
1796 3492 1924 3547 emendet
1936 3511 1944 3548 t

306 3576 350 3644 me
366 3581 433 3637 nihil
449 3582 562 3653 potestis
583 3581 683 3648 lacere,
707 3598 760 3637 non
777 3579 928 3653 temporum
950 3581 1098 3653 longitudi·
1148 3589 1211 3628 llam
1227 3574 1272 3628 tibi
1291 3590 1345 3629 ¹¹0ss
1361 3585 1402 3630 esi
1415 3577 1546 3642 cilitiis,
1560 3579 1587 3632 id
1601 3588 1657 3646 ffli·
1678 3581 1723 3635 nbi
1742 3580 1860 3651 Spiritus
1879 3599 1946 3640 &²¹¹-

307 3687 368 3727 nern
385 3683 412 3728 ct
430 3673 553 3728 laborum
567 3671 664 3728 uxerita
674 3688 791 3743 pcrrsare
806 3672 921 3739 debetis,
940 3673 988 3728 sed
1005 3685 1098 3726 aurore
1149 3671 1209 3719 ctos
1224 3664 1250 3718 ill
1266 3665 1347 3719 wide
1361 3666 1479 3720 hominis
1500 3668 1589 3723 i⁰0¹¹¹¹¹
1609 3681 1662 3723 ἢθη
1686 3672 1784 3737 hailei,
1806 3673 1947 3730 diabolum

305 3774 334 3820 et
354 3764 483 3820 ianmlatu
496 3774 644 3835 spontaneo
665 3764 742 3819 noris
758 3778 864 3834 semper
880 3764 976 3819 studiis
999 3779 1099 3835 augere
1150 3755 1231 3809 habet
1244 3757 1433 3812 ittitiiiisslesst·
1446 3756 1626 3830 Quintilii,
1642 3761 1818 3831 dilectissimi,
1834 3764 1948 3835 iiiitite

305 3855 406 3927 priora.
429 3856 521 3926 ltaque
548 3839 643 3921 dicite,
666 3856 733 3910 serui
759 3855 866 3925 irrutiles
890 3871 993 3909 surrtua.
1025 3853 1099 3909 Serui

306 3949 415 4020 «paridem
437 3949 484 4019 qui
504 3948 592 4019 pretio
611 3948 695 4018 crrrpti
722 3948 800 4013 estis,
821 3946 925 4002 irrutiles
948 3962 1013 4004 vcro
1034 3947 1098 4019 quia

307 4040 438 4095 hominus
463 4040 595 4094 bonorum
622 4046 774 4095 vestrorum
801 4052 855 4092 non
883 4037 995 4109 indiget.

341 4127 418 4195 Quod
430 4127 566 4182 debuimus
577 4130 674 4197 iacere,
686 4128 805 4197 fecimus.
823 4126 928 4183 Revera
942 4126 1097 4194 debuimus,

306 4220 370 4289 quia
383 4218 428 4288 qui
445 4232 499 4284 non
514 4217 588 4271 uenit
605 4217 765 4284 ministrari,
780 4218 828 4273 sed
838 4217 1002 4284 ministrare,
1021 4217 1097 4275 debi-

307 4318 379 4363 tores
391 4306 443 4363 eihi
457 4319 508 4361 uos
520 4304 584 4360 iecit
597 4319 630 4360 oe
644 4306 745 4360 xrnstris
757 4305 883 4360 uidelicet
895 4306 1022 4375 operibus
1034 4321 1099 4363 eou-

306 4399 431 4464 lltlcntcs,
444 4397 492 4455 secl
504 4397 538 4454 de
551 4397 611 4470 ejus
626 4412 733 4468 semper
745 4398 869 4468 exauriue
880 4408 1018 4469 parentes,
1035 4414 1097 4456 cum

305 4488 437 4559 propheta
459 4487 601 4543 dieamus:
628 4484 699 4552 Quiri
722 4486 894 4542 retribuemus
915 4487 1028 4542 Damion
1050 4505 1097 4560 pro

1151 3845 1185 3900 de
1199 3846 1326 3902 cordibus
1341 3849 1439 3903 restris
1451 3850 1542 3904 odium
1556 3860 1583 3905 et
1596 3852 1742 3919 inuuidiam,
1762 3871 1822 3926 quae
1838 3873 1948 3928 praepa·

1150 3943 1211 3989 narrt
1238 3936 1265 3990 in
1290 3937 1366 3992 robis
1389 3939 1487 3994 diaboli
1513 3943 1690 3998 mansionem.
1717 3944 1809 4001 Estote
1831 3948 1947 4022 benigni

1149 4040 1211 4095 erga
1226 4028 1364 4096 proximos
1382 4036 1410 4083 et
1429 4029 1531 4100 diligite
1545 4047 1592 4087 eos
1609 4041 1637 4086 ct
1651 4031 1763 4103 Spiritui
1780 4046 1878 4093 sanctu
1896 4055 1948 4111 per

1149 4121 1347 4177 consessionem
1360 4131 1387 4177 et
1401 4123 1588 4193 poenitentiam
1600 4139 1707 4195 parant,
1719 4127 1828 4198 dignum
1844 4130 1872 4185 in
1884 4147 1948 4187 eor-

1150 4209 1228 4266 dibus
1249 4212 1349 4266 uestris
1371 4211 1556 4268 habitaculum
1580 4229 1727 4287 peropaca
1750 4218 1949 4277 misericordiae

1149 4309 1309 4373 proparate.
1584 4309 1586 4313 ’

1185 4392 1219 4448 ln
1231 4392 1279 4448 hoc
1291 4394 1458 4464 cognocimus
1469 4395 1624 4450 charitatem
1636 4395 1695 4462 bet,
1705 4400 1830 4471 ιμιοιιὶιιιιι
1842 4400 1888 4455 ille
1897 4417 1948 4472 pru
1991 4404 1996 4410 '

1150 4474 1225 4539 nolit
1240 4486 1356 4539 unimam
1369 4504 1446 4542 tuam
1460 4488 1559 4559 posuit,
1578 4497 1603 4543 ct
1622 4505 1669 4560 aaa
1683 4489 1805 4547 debemur
1822 4510 1873 4564 pro
1886 4494 1946 4565 sra-

306 4576 426 4633 omoiltur
439 4593 499 4649 que
513 4576 633 4631 retribuit
648 4574 722 4630 trebir
736 4577 749 4630 l
761 4574 840 4631 Dabit
858 4576 932 4631 enim
951 4575 995 4630 ille
1009 4577 1035 4630 in
1052 4576 1096 4631 lu·
1148 4574 1233 4630 tribua
1244 4576 1346 4631 aumas
1356 4587 1460 4632 nostras
1470 4594 1575 4648 ponere.
1584 4578 1743 4650 Exemplum
1757 4582 1832 4638 enim
1843 4583 1946 4642 Christi

306 4678 368 4739 turo
383 4666 487 4740 judicic
500 4666 647 4737 unicnique
662 4665 816 4722 mercedem
828 4666 1003 4736 condignam,
1019 4666 1098 4723 botris
1149 4671 1177 4718 et
1195 4664 1379 4735 apostolorum
1398 4680 1448 4721 nos
1466 4666 1567 4722 imitari
1586 4676 1692 4739 oportet
1714 4678 1744 4724 ut
1763 4672 1890 4728 doctrina
1904 4674 1947 4729 rel

305 4759 432 4816 videlicet
441 4760 525 4815 vitam
538 4767 666 4815 aetemam
679 4765 706 4812 et
719 4742 915 4833 malis'poenam
928 4766 1095 4829 perpetuam.
1148 4757 1305 4830 praedicatio
1319 4767 1411 4813 nostra
1426 4759 1552 4829 operibus
1567 4755 1771 4831 comprobetur;
1788 4761 1859 4818 nibil
1872 4765 1946 4820 enirn

305 4848 355 4907 Gai
375 4849 490 4915 sitlans,
506 4851 595 4906 honor
606 4860 635 4905 et
648 4856 769 4920 potestus
783 4849 810 4903 in
830 4848 921 4904 omnia
936 4848 1033 4905 secula
1048 4865 1098 4904 sce-
1110 4834 1137 4894 b
1151 4850 1255 4919 turpius
1269 4865 1350 4919 quam
1365 4850 1387 4905 si
1400 4851 1500 4905 bonurn
1512 4852 1584 4921 quud
1595 4852 1709 4922 quisque
1732 4852 1876 4922 praedicat,
1899 4869 1947 4911 ex·

305 4942 439 4999 culorum.
456 4942 552 4998 huten.

567 5032 706 5088 llOlllLlh
725 5033 843 5088 LXXXl.
923 5041 940 5110 Ἰ

465 5139 592 5180 aouxnras
610 5140 639 5179 ιιι
660 5140 723 5180 rosa
741 5139 938 5180 renascasrcrt.

400 5265 403 5270 .
429 5213 522 5271 Lectio
537 5215 662 5285 Epistola·
675 5213 706 5269 B.
719 5214 832 5270 loannis
846 5213 970 5285 apostoli.

342 5303 506 5370 Clarissimi,
521 5305 600 5359 aetite
614 5305 707 5359 mirari
721 5306 744 5358 ti
757 5306 811 5358 odit
826 5320 869 5359 aas
889 5305 1013 5359 mundus.
1039 5304 1095 5359 Not

304 5397 401 5471 ruimus
413 5398 538 5468 quoniam
556 5396 678 5458 translati
695 5414 784 5451 sumar
802 5398 931 5450 aeotorte
947 5396 982 5449 ad
999 5398 1094 5462 uitam,

302 5491 428 5563 quoniam
442 5487 577 5559 diligimur
590 5487 697 5557 iratres,
711 5497 764 5543 etc.

339 5582 377 5638 lle
391 5580 560 5651 humanitate
574 5596 638 5651 erga
652 5581 790 5650 proximus
803 5582 875 5637 etde
887 5581 1008 5638 cavendo
1021 5582 1093 5649 odio,

302 5677 429 5749 presenti
453 5676 569 5731 lectione
590 5676 767 5731 admonemur
789 5685 818 5731 ut
841 5678 955 5733 audistis
975 5678 1093 5734 dilectis-

302 5764 365 5822 simi
378 5766 472 5831 nobis;
487 5763 567 5819 notite
580 5765 683 5831 orirara',
695 5765 791 5834 inquit,
802 5766 825 5819 si
839 5768 891 5821 odit
907 5784 950 5822 tur
963 5768 1094 5820 mundos:

303 5854 396 5910 ntundi
406 5854 477 5910 enim
489 5855 633 5910 nomiuein
644 5852 792 5925 Scripturis
803 5857 950 5926 sepissime
962 5863 1095 5911 amatores

285 5965 290 5975 “
304 5946 396 6002 mundi
407 5947 547 6013 dicuntur;
563 5964 610 6001 oar
625 5948 721 6001 sciurus
734 5949 857 6017 quoniam
869 5948 992 6002 translati
1004 5965 1094 6002 autaut

304 6035 336 6090 tie
350 6046 432 6091 morte
450 6037 484 6091 od
504 6038 599 6103 citam,
621 6038 744 6109 quoniam
758 6037 892 6108 diligimur
906 6039 1015 6109 [ratres.
1041 6038 1095 6094 Per

1150 4943 1223 5013 plere
1238 4959 1320 5013 apere
1340 4944 1477 5014 negligat:
1497 4950 1561 4999 tunc
1575 4944 1648 4998 enim
1665 4944 1824 5014 praedicatio
1842 4946 1946 5028 utditer

1149 5033 1286 5104 protertur
1298 5035 1405 5105 quando
1419 5033 1568 5089 efficaciter
1579 5033 1751 5104 adimpletur.
1770 5035 1891 5093 Proinde
1902 5051 1945 5093 sa·

1100 5193 1102 5198 s
1149 5124 1273 5179 cerdotes
1288 5124 1387 5179 nullius
1412 5125 1530 5181 lromiuis
1551 5125 1706 5202 iuimicitias
1725 5126 1876 5185 formidare
1893 5131 1943 5185 ha·

1149 5215 1230 5279 bent,
1245 5214 1292 5269 sed
1306 5227 1480 5283 oppressores
1493 5229 1657 5285 pauperum,
1670 5223 1698 5269 et
1713 5224 1840 5285 potentes
1853 5217 1945 5289 inique

1148 5314 1260 5376 agentes
1284 5305 1373 5376 palam
1399 5305 1499 5361 debent
1518 5321 1631 5376 arguere
1650 5314 1732 5376 amne
1747 5306 1782 5361 ad
1801 5306 1944 5380 indulgeo·

1149 5398 1212 5453 tiam
1225 5398 1335 5468 inopum
1349 5398 1423 5453 etad
1436 5398 1477 5453 sui
1489 5398 1704 5454 emendationem
1716 5399 1834 5457 sollicite
1847 5417 1946 5473 prero-

1148 5505 1220 5544 care.
1243 5489 1320 5557 Quod
1342 5491 1363 5545 si
1385 5498 1502 5560 arguunt
1522 5490 1549 5544 in
1564 5490 1697 5547 charitate
1713 5492 1761 5547 Dei
1778 5501 1809 5548 et
1825 5494 1944 5564 proximi

1148 5579 1241 5635 ildelcs
1256 5580 1405 5650 probantur
1418 5581 1545 5636 existere.
1566 5579 1620 5636 Sed
1634 5582 1656 5637 si
1671 5583 1717 5653 qui
1733 5593 1831 5639 contra
1847 5586 1961 5646 divites.
2006 5643 2013 5654 ,

1149 5672 1241 5741 inique
1265 5680 1375 5742 agentes
1399 5685 1453 5725 non
1479 5685 1509 5726 ee
1532 5671 1566 5727 ad
1589 5672 1779 5742 corrigendum
1804 5674 1945 5731 erexerint

1150 5766 1315 5830 sacerdotes,
1334 5765 1517 5820 mercenarios
1537 5779 1566 5819 se
1590 5779 1643 5820 non
1664 5773 1790 5836 pastores
1805 5782 1868 5823 esse
1894 5767 1945 5824 de·

1149 5866 1311 5920 monstrant,
1326 5865 1352 5911 et
1365 5872 1380 5910 a
1394 5856 1442 5911 Dei
1455 5856 1590 5912 charitate
1602 5866 1755 5923 extraneos,
1770 5859 1838 5929 quia
1851 5859 1945 5915 rilem

1149 5946 1240 6016 lupum
1255 5946 1406 6000 uenientem
1420 5956 1447 6001 et
1463 5945 1581 6018 hrgiunt,
1597 5946 1661 6003 dum
1676 5941 1944 6020 malos‘redarguere

1149 6046 1280 6092 metuunt.
1310 6037 1342 6091 Et
1366 6053 1416 6108 pro
1432 6037 1545 6094 aliorum
1560 6037 1703 6107 iniquitate
1717 6038 1898 6103 damnantur,
1921 6036 1944 6092 si
