4500 6842
309 596 379 653 {065
627 593 657 648 B.
678 590 802 648 lllssdd'l
820 589 931 649 sittim
948 589 1108 648 necuter.
1129 588 1444 648 desumerentur
1467 592 1556 647 ttttts
1576 592 1609 647 ll.
1874 599 1942 656 tort

308 714 385 777 char,
396 708 494 766 deinde
508 706 637 772 Zubvrlou,
651 707 747 762 deiude
761 706 839 770 Aser,
857 712 918 776 pust
935 704 993 761 lraec
1011 705 1093 760 etiam
1107 708 1234 767 Alontas
1251 704 1370 759 continet
1385 704 1412 758 in
1428 704 1552 769 circuito,
1568 720 1629 760 sors
1646 705 1803 764 hominihus
1817 711 1941 770 declarat

307 799 490 871 llcpltthalim,
502 798 598 853 deindo
609 798 664 851 Dan
677 796 767 867 (larue
778 812 833 859 rvr,
846 812 912 860 uvir,
929 812 1006 859 rvvtr,
1020 796 1092 867 xvxi:
1147 790 1174 845 in
1187 791 1336 865 manifesto.
1352 792 1504 848 Secundum
1520 809 1584 849 vere
1599 796 1757 852 interiorem
1771 798 1939 860 intellectum

307 889 336 947 lu
351 890 448 960 quihus
459 887 604 944 notissime
615 886 724 940 veniunt
736 895 790 939 tres
803 885 852 941 illm
866 886 960 949 tribus,
979 901 1038 955 quae
1061 900 1093 940 er
1147 886 1217 940 sicut
1233 885 1330 939 Paulus
1346 886 1450 940 videtur
1464 886 1587 957 judicare
1603 903 1664 943 cum
1679 890 1745 945 dicit
1761 909 1768 944 ι
1788 908 1798 942 r
1819 891 1849 949 ln
1862 906 1940 964 pasto

307 978 465 1035 concubinis
476 975 672 1030 descenderant
691 973 782 1030 Jacob.
798 975 862 1041 Qurc
882 991 946 1048 ergo
969 977 1039 1031 ratio
1060 976 1096 1053 sit
1149 975 1261 1029 «sortis
1283 985 1438 1029 sanctorum
1461 976 1488 1030 in
1512 976 1626 1060 lumine,
1651 987 1679 1038 et
1701 989 1779 1035 sorte
1798 983 1889 1038 rocati
1912 984 1940 1042 iu

308 1066 420 1122 sortium
436 1065 506 1134 apud
521 1065 708 1133 memetipsum
723 1065 903 1133 requirebam,
917 1075 946 1120 ut
960 1082 992 1120 ev
1005 1065 1107 1120 incultis.

309 1155 470 1211 testimoniis
485 1155 697 1224 Scripturarum,
719 1155 790 1224 quod
811 1155 912 1209 latebat
934 1170 1095 1223 agnoscere-

307 1263 376 1301 mus.
395 1245 485 1302 lnvcni
501 1261 565 1299 sanc
579 1245 763 1316 iuScripturis
776 1247 858 1300 ctiam
875 1246 989 1317 gentiles
1007 1248 1095 1301 licani-

305 1353 354 1410 ncs
368 1353 431 1392 visos
444 1352 503 1392 esse
518 1338 646 1401 sortibus,
661 1345 724 1391 tnnc
740 1354 800 1390 cum
816 1339 955 1407 navigaret
974 1338 1057 1394 lonas
1068 1348 1095 1395 et

306 1437 453 1498 tempestas
462 1438 578 1499 urgeret.
595 1430 677 1482 diunt
688 1429 846 1497 namqueilli
858 1432 903 1499 quvi
915 1432 1093 1500 navigabant:

309 1536 318 1570 i
336 1520 474 1575 llittamus
489 1529 587 1573 sortem
600 1528 625 1572 ct
641 1520 758 1573 sciamus
768 1521 844 1589 cuijus
857 1536 938 1575 eausa
953 1522 1095 1576 laeetania

306 1609 410 1662 malitia
427 1610 461 1662 sit
477 1609 563 1680 (torric
581 1628 597 1665 n
619 1609 638 1680 l,
662 1628 671 1659 t
686 1610 762 1677 quasi
779 1625 837 1663 sors
852 1619 955 1665 tantum
981 1610 1093 1674 valeret,

305 1708 335 1753 ut
345 1699 460 1767 prodere
472 1700 566 1767 possit,
575 1699 650 1765 cuijus
662 1715 743 1753 causa
752 1700 1094 1770 periculumuavigantilms

306 1790 468 1843 immineret.
480 1790 607 1857 Quamvis
622 1791 735 1859 gentiles
755 1799 853 1854 essent,
869 1800 896 1845 et
910 1792 990 1845 alicui
1009 1808 1022 1845 a
1046 1809 1093 1854 co·

305 1882 426 1954 gnicione
442 1881 497 1943 llei,
512 1896 564 1933 non
582 1890 670 1935 tamen
686 1882 737 1937 liae
751 1881 876 1951 opinione
891 1881 1029 1945 falluntur,
1046 1883 1094 1937 scd

304 1974 375 2043 quod
387 1988 479 2040 venun
493 1981 549 2026 erat
564 1972 727 2041 prodiditeis
740 1988 798 2027 sors
811 1987 892 2043 super
901 1971 1092 2040 lunanutlnte·

1148 1063 1292 1122 «Christo.
1317 1084 1326 1117 t
1349 1064 1498 1120 Videndum
1516 1076 1605 1123 estne
1626 1068 1696 1146 lortc
1710 1086 1766 1126 nou
1787 1072 1876 1128 solum
1892 1074 1939 1129 hct-

1146 1157 1276 1220 minibus,
1294 1156 1341 1211 sed
1357 1165 1384 1211 et
1398 1157 1424 1211 in
1439 1158 1563 1228 supernis
1580 1160 1726 1216 virtutibus
1742 1178 1804 1218 sors
1842 1173 1939 1235 agatur

1145 1256 1172 1302 et
1181 1249 1418 1319 praestiteatattqua
1429 1250 1514 1319 rictus
1524 1252 1585 1306 lvuic
1596 1251 1693 1317 officio,
1705 1269 1767 1324 quae
1777 1258 1853 1310 verbi
1859 1273 1937 1313 causa

1145 1335 1207 1391 lesu
1224 1337 1279 1392 silio
1295 1338 1368 1393 Nave
1385 1355 1456 1396 nuuc
1470 1349 1543 1396 surte
1557 1342 1744 1399 hereditatem
1761 1347 1937 1405 distribuendi

1146 1445 1200 1482 non
1214 1430 1332 1499 aliquam
1345 1432 1470 1499 gratiam,
1483 1434 1529 1487 sed
1541 1435 1685 1490 secundum
1698 1437 1751 1491 lice
1762 1439 1827 1507 quid
1838 1440 1873 1494 sit
1885 1440 1937 1509 pla-

1145 1530 1208 1572 cere
1223 1518 1277 1572 [lec
1292 1519 1419 1573 ducatum
1432 1520 1551 1590 ptraelteat
1569 1524 1660 1589 sertis,
1673 1534 1702 1578 et
1716 1525 1757 1579 illi
1777 1527 1888 1596 quidem
1901 1529 1938 1582 la-

1145 1606 1200 1661 ciat
1211 1607 1331 1672 ercnire,
1345 1610 1496 1679 qrrmprlma
1510 1620 1672 1681 sunt,quem
1695 1616 1750 1669 scit
1769 1617 1841 1686 apud
1856 1617 1937 1671 Deum

1134 1697 1261 1766 rprimum
1275 1697 1364 1755 locum
1378 1706 1479 1764 tenere,
1494 1710 1524 1754 ut
1537 1701 1597 1766 lice,
1608 1703 1679 1772 quod
1692 1704 1720 1757 in
1736 1705 1856 1762 occultis
1869 1709 1936 1777 apud

1145 1789 1229 1844 Deum
1243 1790 1369 1855 habetur,
1379 1791 1465 1846 'sortis
1479 1791 1672 1863 gubernatione
1686 1795 1770 1849 etiam
1783 1795 1938 1854 hominihus

1145 1883 1353 1948 demonstretur,
1366 1884 1520 1947 aliumvero
1531 1886 1620 1942 lacere
1630 1891 1743 1944 secundi
1756 1890 1808 1946 loci
1819 1901 1848 1948 et
1858 1894 1936 1949 alium

1147 1976 1229 2039 tertii,
1250 1977 1322 2047 quod
1347 1993 1400 2031 non
1424 1971 1511 2032 solum
1533 1980 1559 2033 in
1583 1982 1663 2037 terris
1687 1984 1820 2050 arbitror,
1846 2003 1936 2042 verum

305 2078 368 2118 rens
383 2079 448 2134 crgo
462 2064 494 2118 dc
514 2064 567 2127 liis,
588 2064 694 2117 im'cuio
706 2074 733 2118 et
756 2064 926 2120 Salomonem
945 2065 972 2119 in
985 2065 1098 2119 l'rover-
1111 2068 1136 2127 B
1150 2066 1231 2120 etiam
1248 2066 1274 2121 in
1291 2067 1447 2123 coelestinus
1467 2078 1495 2125 et
1511 2071 1662 2147 lnujirsmodi
1682 2085 1770 2141 sorte,
1791 2093 1854 2147 quae
1870 2080 1937 2149 apud

304 2153 356 2208 biis
380 2154 514 2209 dicentem
537 2153 826 2209 :idirntradictiones
840 2155 948 2211 cohibet
974 2170 1044 2219 sors,
1068 2168 1095 2212 ct

304 2241 375 2297 iuter
398 2251 521 2311 putentes
539 2243 632 2297 delinit
646 2243 736 2315 (Pron.
755 2244 844 2314 xviri),
866 2264 875 2296 r
894 2243 974 2299 veluti
988 2258 1095 2299 cessare

304 2337 449 2393 osteudens
463 2338 700 2403 contradictiones,
710 2338 753 2392 ulii
768 2337 889 2393 mittetur
900 2354 969 2394 sors.

322 2420 326 2428 ’
339 2427 391 2481 Sed
405 2442 466 2481 cum
480 2429 536 2482 liarc
548 2428 575 2480 in
590 2425 764 2481 Testavncnto
779 2428 869 2482 Veteri
883 2444 935 2482 nou
950 2443 1036 2498 pauca
1051 2445 1095 2488 rc-

304 2516 368 2572 lerri
397 2518 430 2572 de
447 2520 567 2575 sortilrus
591 2519 750 2584 invenirem,
764 2520 883 2575 converti
898 2536 941 2575 me
955 2522 1037 2576 ctiam
1060 2522 1095 2578 ad

304 2605 408 2663 Novum
426 2608 639 2675 Testamentum,
666 2617 695 2662 ut
716 2608 834 2663 viderem
847 2609 870 2665 si
901 2608 971 2665 lorte
992 2612 1033 2667 tel
1058 2614 1094 2667 tot

302 2705 544 2778 contemnerentur
573 2709 673 2763 sortes,
697 2711 744 2752 aut
765 2714 798 2752 uc
812 2699 848 2753 ini
863 2700 972 2768 quidem
999 2716 1094 2758 carum

302 2808 367 2848 usus
388 2791 451 2847 alibi
462 2793 606 2856 diceretur,
621 2802 649 2848 ct
664 2793 771 2848 invenio
794 2793 865 2862 qarod
881 2792 1093 2863 aliquandocum

302 2883 410 2941 deesset
439 2900 552 2940 numero
566 2886 749 2955 apostolorum
765 2900 844 2951 unus,
860 2893 890 2940 ut
913 2894 986 2939 esset
998 2899 1093 2939 neres·

301 2978 404 3038 surium
417 2978 443 3032 in
456 2978 543 3032 lcemn
555 2976 631 3033 lude
647 2979 732 3034 alium
747 2980 887 3051 subrogari
899 2980 968 3051 (Act.
983 2980 1016 3049 r),
1029 2994 1093 3035 cun-

301 3073 443 3128 rcnicntes
457 3074 605 3143 apostolus,
632 3075 677 3143 (piri
699 3074 792 3143 utiquc
815 3073 900 3128 multo
918 3074 1093 3142 sapientiores

1147 2156 1289 2213 Dominum
1321 2160 1480 2216 meritorum
1509 2165 1736 2234 contemplatione
1766 2169 1936 2241 distinguitur

1145 2248 1226 2303 ctiam
1241 2248 1268 2304 in
1291 2248 1336 2304 illo
1360 2258 1480 2321 ternpore
1497 2252 1633 2308 liabetur-r
1657 2273 1666 2305 r
1689 2256 1761 2312 Cum
1776 2260 1877 2318 viderit
1892 2277 1936 2317 cx·

1145 2339 1234 2395 celsus
1247 2350 1340 2411 gentes
1352 2349 1379 2396 et
1390 2342 1608 2398 disseminaverit
1621 2345 1691 2401 lilios
1704 2350 1806 2414 Adam,
1823 2359 1853 2404 et
1874 2366 1933 2405 con·

1145 2431 1260 2487 stitucrit
1273 2430 1342 2485 lilios
1358 2433 1477 2500 gentium
1499 2437 1646 2490 secundum
1665 2453 1811 2493 numerum
1833 2441 1935 2511 angelo

1145 2538 1204 2579 rum
1224 2521 1373 2592 licitatur.
1389 2526 1485 2594 sarri).
1512 2543 1521 2576 r
1542 2524 1575 2577 Et
1589 2524 1660 2581 lacta
1673 2538 1717 2583 est
1729 2530 1821 2597 portic
1836 2532 1933 2586 Domiti

1144 2615 1229 2671 laceb
1248 2614 1384 2670 funiculus
1397 2615 1562 2671 haereditatis
1577 2615 1635 2686 ejus
1650 2618 1746 2674 lsrael.
1772 2620 1856 2677 l'ides
1875 2638 1933 2694 ergo

1145 2713 1172 2760 ct
1198 2706 1241 2761 liic
1263 2713 1380 2774 partem,
1404 2714 1431 2760 et
1457 2705 1605 2762 funiculum
1631 2709 1740 2765 Domini
1767 2711 1852 2768 lsrael
1873 2714 1933 2773 dicit

1144 2811 1205 2851 esse
1228 2804 1310 2850 sorte.
1338 2795 1396 2851 lton
1412 2811 1477 2865 crgo
1496 2796 1608 2852 fortuito
1626 2800 1817 2856 arbitrandum
1832 2804 1933 2858 senisse

1145 2896 1256 2943 sortem.
1288 2887 1327 2941 llll
1356 2888 1463 2957 quidem
1494 2885 1589 2960 angelo
1612 2901 1722 2961 gentem
1744 2893 1819 2948 illam
1849 2898 1930 2951 stuci-

1143 2994 1207 3048 pcre
1222 2979 1297 3033 rerbi
1325 2979 1412 3049 gratia
1429 2979 1629 3051 AEgyptiorum,
1649 2983 1694 3037 alii
1720 2993 1813 3039 autem
1840 2987 1933 3055 angelo

1136 3068 1322 3126 ldumtccrum
1339 3070 1515 3127 Moabitarum
1532 3091 1538 3125 :
1559 3074 1646 3129 etalii
1663 3073 1769 3131 indiam
1784 3076 1827 3131 rcl
1842 3094 1929 3133 unam·

302 3170 381 3218 erant
395 3178 476 3232 quiam
489 3164 517 3218 lii
532 3164 664 3234 quinunc
686 3166 827 3236 episcopos
845 3164 887 3218 vel
910 3166 1091 3235 presbyteros,
1143 3175 1279 3231 quamque
1301 3161 1436 3217 nationem
1456 3177 1571 3229 carum,
1595 3178 1656 3235 quac
1682 3175 1750 3221 suut
1776 3183 1858 3238 super
1881 3179 1932 3224 ter-

303 3252 347 3307 vel
357 3252 485 3307 diaconos
500 3255 637 3316 ordinant,
662 3262 688 3308 ct
708 3254 850 3325 elegerunt
869 3254 974 3309 ducset
988 3262 1092 3309 statue·
1144 3269 1211 3310 ram.
1238 3251 1291 3309 Sed
1314 3263 1342 3308 et
1360 3254 1398 3308 ini
1411 3254 1492 3309 ctiam
1509 3255 1532 3309 si
1552 3257 1700 3312 secundum
1718 3274 1863 3314 numerum
1886 3277 1931 3315 au-

301 3353 365 3400 runt
383 3345 409 3397 in
433 3342 533 3408 medio,
562 3359 612 3397 nec
625 3351 715 3397 tanuen
738 3348 771 3397 de
787 3344 830 3397 liis
849 3342 1001 3412 semetipsis
1018 3342 1092 3412 judi·
1144 3346 1264 3418 gelorum
1285 3345 1333 3400 ilci
1348 3346 1473 3404 dicautur
1485 3356 1558 3402 sorte
1575 3356 1671 3419 gentes
1694 3350 1757 3405 istae
1775 3352 1878 3419 divisae,
1894 3361 1931 3406 ta-

301 3438 372 3493 einm
384 3437 565 3507 permiserunt
589 3443 618 3489 ut
645 3436 718 3490 illum
743 3435 865 3491 lacerent
877 3450 956 3505 ‹pucm
980 3435 1031 3505 ipsi
1045 3450 1091 3491 vo·
1106 3416 1128 3478 C
1144 3451 1204 3493 men
1224 3436 1267 3490 illa
1282 3452 1342 3492 sors
1354 3437 1423 3491 sicut
1443 3436 1470 3491 in
1489 3438 1643 3493 hominibus
1661 3439 1792 3507 diximus,
1810 3443 1874 3512 quia
1887 3443 1930 3499 liei

301 3528 423 3583 luissent.
437 3525 490 3581 Sed
511 3545 520 3576 i
547 3537 668 3589 orantes,
684 3527 780 3596 inquit,
807 3526 938 3580 miseruut
961 3535 1088 3589 sortem,r
1139 3526 1271 3595 judicium
1285 3526 1357 3597 qirod
1368 3527 1394 3580 in
1406 3525 1512 3581 occulto
1522 3535 1574 3594 est,
1588 3542 1647 3584 sors
1660 3529 1759 3597 pandit
1771 3530 1798 3585 in
1809 3530 1929 3600 publico:

300 3629 332 3677 ut
344 3635 377 3674 er
392 3619 445 3675 illis
461 3618 564 3675 duobus
588 3633 657 3687 ituros
672 3627 824 3673 statuerant
837 3619 863 3671 in
879 3628 1025 3686 conspectu
1041 3616 1094 3672 Do-
1143 3618 1179 3670 ita
1191 3617 1271 3671 etiam
1288 3616 1324 3670 tui
1340 3613 1423 3672 luisse
1433 3618 1596 3672 credendum
1610 3627 1663 3684 cst,
1682 3630 1716 3673 ut
1730 3622 1893 3690 promerito
1903 3629 1931 3677 at

301 3711 376 3774 nriui,
389 3710 416 3765 id
430 3718 472 3763 cst
483 3709 593 3778 loscpli,
608 3705 653 3777 qrti
681 3718 793 3763 vocatur
814 3708 961 3772 Barnabas,
988 3709 1033 3777 itui
1047 3722 1093 3761 eo-
1142 3710 1240 3763 virtute
1257 3708 1440 3779 unusquisque
1458 3708 1568 3779 angelus
1591 3705 1672 3763 etiam
1688 3720 1718 3766 et
1733 3712 1809 3777 illam
1829 3724 1929 3784 genten

303 3803 475 3873 gvrenrinatus
488 3813 529 3857 est
538 3802 639 3872 justus,
654 3812 683 3856 ct
695 3801 813 3855 staunton
829 3818 835 3852 ε
850 3800 977 3866 «Cecidit,
993 3801 1090 3869 inqiut,
1142 3800 1312 3854 indivisione
1327 3800 1486 3869 susciperet,
1497 3808 1526 3854 et
1539 3807 1599 3854 csse
1610 3791 1693 3855 iuliis
1709 3803 1829 3880 singulis
1845 3818 1929 3859 sacra·

301 3909 360 3953 sors
375 3909 456 3964 super
468 3894 597 3955 llatlrian,
614 3901 641 3946 ct
654 3900 848 3947 aurnumcratus
858 3900 900 3946 cst
914 3907 975 3945 cnm
990 3890 1091 3948 Clrristi
1142 3901 1232 3946 rneuta
1245 3890 1392 3947 irrellaltilia
1403 3892 1500 3946 divinae
1512 3893 1734 3961 dispensationis,
1746 3899 1875 3954 utcrdiui
1885 3915 1929 3957 suu

302 3987 439 4059 apostolis.
459 4005 468 4039 r
486 3986 656 4039 l‘rmcedeute
664 3998 779 4052 namque
789 3982 900 4047 ratione,
912 3998 971 4037 non
980 3981 1035 4051 jam
1047 3997 1091 4038 ea·
1142 3990 1237 4037 cuucta
1249 3983 1411 4051 competenti
1425 3997 1474 4051 per
1497 3997 1717 4054 unamquamque
1732 3987 1861 4044 virtutem
1872 3990 1928 4045 diri

301 4093 344 4141 su,
359 4077 407 4132 sed
419 4076 569 4148 prudentie
580 4091 640 4130 sors
656 4074 775 4129 divirnrm
789 4073 920 4143 judicium
935 4070 1089 4128 deserebat.
1141 4081 1250 4127 mantur
1263 4070 1360 4126 olllcio.
1378 4070 1423 4127 Sic
1433 4072 1505 4127 enim
1516 4080 1543 4127 et
1556 4072 1703 4143 Apostolus
1714 4077 1802 4132 dicit:
1817 4098 1827 4131 c
1842 4080 1930 4136 Nonne

302 4170 356 4227 Sed
379 4169 467 4223 adlruc
485 4169 638 4238 querellam
668 4168 695 4220 in
710 4165 783 4221 Novo
801 4166 975 4224 Testamenta
999 4165 1021 4220 si
1044 4179 1092 4219 au·
1141 4178 1235 4219 omncs
1256 4163 1443 4218 ministratorii
1471 4173 1534 4218 sunt
1557 4163 1675 4234 Spiritus
1699 4167 1728 4221 iu
1753 4169 1928 4226 ministeriam

301 4270 356 4319 tem
367 4276 426 4315 sors
454 4261 481 4313 iu
506 4260 614 4318 Christo
627 4260 670 4313 vel
684 4260 710 4313 in
725 4258 848 4315 Ecclesia
863 4259 1029 4321 nominetur,
1047 4256 1090 4311 vel
1141 4254 1217 4309 missi
1248 4263 1360 4323 propter
1381 4269 1428 4309 eos
1450 4254 1495 4325 qui
1518 4255 1705 4311 haereditatem
1728 4260 1843 4329 capiunt
1864 4261 1929 4315 salu

302 4352 329 4407 iu
342 4354 423 4406 relius
435 4351 566 4420 tursticis,
581 4364 641 4418 qtrae
652 4351 685 4404 ad
695 4352 813 4404 animam
825 4351 963 4419 portinere
984 4350 1092 4403 videan-
1142 4342 1197 4396 tls?
1218 4361 1227 4394 t
1245 4340 1285 4396 All
1301 4343 1397 4397 horum
1413 4343 1494 4413 igitur
1510 4342 1688 4398 ltssiltlifflleffi
1702 4346 1871 4403 credendum
1882 4359 1929 4413 ⁰⁸²·

302 4454 355 4508 tur,
369 4445 477 4499 invenio
492 4442 602 4498 Paulum
616 4444 649 4497 ad
665 4442 795 4511 Ephesios
809 4443 974 4496 seriltcntem
998 4440 1090 4495 dicere
1141 4432 1224 4485 ellam
1235 4431 1278 4486 his
1289 4430 1491 4510 scripturatum
1506 4433 1665 4489 aucmritate
1680 4433 1788 4490 referre
1805 4446 1891 4493 sortes
1905 4447 1931 4493 el

300 4518 336 4592 ¹de
350 4536 461 4592 Glrristo
480 4553 486 4589 :
507 4553 516 4586 r
534 4532 563 4587 lu
576 4548 639 4603 quo,
665 4533 764 4601 inquit,
791 4541 865 4588 sortc
890 4532 978 4588 vocati
997 4546 1091 4587 sumus
1141 4523 1202 4579 duel
1219 4539 1268 4594 per
1285 4523 1377 4579 lesum
1393 4524 1632 4590 nereditatem-et
1643 4531 1696 4593 per
1714 4542 1930 4599 ”multumque

301 4625 484 4701 praedestinati
500 4624 647 4702 seeundum
661 4623 828 4692 propositum
850 4622 918 4692 ejus,
937 4622 983 4691 qui
998 4622 1091 4679 omnia
1141 4616 1242 4671 tribum
1258 4615 1349 4670 divina
1362 4615 1563 4685 dispensatim
1576 4615 1697 4680 decerni,
1709 4627 1739 4671 ct
1752 4632 1804 4687 per
1815 4617 1930 4674 ineffl-

301 4726 429 4787 operatur
449 4716 598 4771 secundum
624 4709 764 4770 consilium
793 4713 939 4769 voluntatis
961 4713 1029 4784 ejus,
1059 4721 1088 4768 ut
1141 4704 1403 4777 lemptolidesslttffl
1419 4704 1466 4758 Dei
1484 4719 1500 4757 ²
1516 4704 1696 4773 lllaesessfflllls
1712 4706 1798 4762 initis
1819 4708 1930 4763 Stltllbtss

278 4870 282 4876 ,
302 4809 388 4866 simus
406 4807 432 4860 iu
457 4806 563 4861 laudem
579 4805 671 4877 gloriae
691 4803 761 4872 ejus,
786 4804 833 4874 qui
847 4816 910 4858 avite
924 4805 1090 4873 speravimus
1104 4772 1130 4831 D
1142 4796 1299 4851 adumbrari
1310 4795 1407 4850 luturae
1419 4796 1584 4850 hereditatis
1594 4796 1684 4865 portio,
1693 4798 1850 4867 expleatur.
1862 4799 1928 4867 Quo

303 4899 328 4954 iu
343 4899 452 4954 Christo
468 4898 577 4969 (lr'plres.
593 4897 623 4969 r).
656 4915 665 4947 t
684 4895 777 4950 Sedet
794 4896 827 4949 ad
847 4894 1020 4951 colossenses
1034 4896 1091 4949 nac
1142 4889 1215 4944 niam
1233 4888 1341 4957 quidem
1356 4887 1398 4941 lex
1411 4886 1536 4942 umbram
1550 4886 1649 4942 dicitur
1664 4888 1767 4943 trabere
1780 4890 1928 4946 futurorum

303 4991 467 5046 scrilventem
482 5030 489 5043 .
509 5007 518 5039 r
543 4989 652 5044 Gratias
668 4999 780 5059 agentes
794 4990 849 5043 lleo
864 4988 948 5054 Patri,
972 4989 1018 5058 qui
1034 4988 1091 5042 ido·
1141 4984 1285 5045 bonorum,
1299 4990 1326 5034 et
1340 4980 1412 5034 sicut
1426 4980 1490 5035 dicit
1501 4978 1645 5049 Apostolus
1657 4980 1692 5033 de
1707 4980 1751 5035 lris
1776 4983 1826 5051 qui
1839 4983 1873 5038 ad
1883 4982 1929 5043 [lo

304 5096 369 5135 neos
394 5096 442 5134 nos
456 5079 522 5134 lecit
537 5081 562 5134 in
580 5090 656 5151 parte
677 5081 759 5134 sortis
776 5089 929 5135 sanctorum
950 5080 976 5133 ln
990 5079 1092 5133 lumine
1142 5075 1244 5128 minum
1260 5070 1345 5126 lesum
1359 5070 1495 5126 Christum
1509 5079 1651 5133 venerunt,
1666 5088 1676 5120 t
1692 5070 1763 5137 Quia
1777 5075 1928 5128 accessistis

303 5168 414 5240 (Gulusa.
427 5169 456 5241 r).
472 5169 557 5224 »Tam
569 5169 1005 5240 multisexScripturlssauctisde
1017 5182 1090 5223 eom·
1143 5165 1177 5218 ad
1195 5164 1260 5217 Sion
1274 5170 1392 5217 monlessl
1411 5168 1439 5215 el
1458 5161 1595 5215 tililtltssl
1616 5160 1663 5215 Dei
1675 5163 1807 5219 'lil'ffltliS
1827 5164 1929 5226 lenist-

303 5260 498 5316 memoratione
505 5262 784 5317 sortiumtcstimoniis
797 5262 977 5332 congregatis,
992 5278 1045 5331 quo
1055 5276 1089 5314 cr
1142 5258 1194 5311 lem
1209 5255 1386 5324 coelestcmvr
1406 5254 1454 5309 Est
1467 5254 1556 5323 aliqua
1572 5254 1598 5307 iu
1609 5254 1688 5309 eoelis
1700 5256 1811 5319 civitas,
1822 5258 1917 5327 quadi

304 5350 424 5405 locorum
435 5349 581 5405 multorum
597 5353 950 5407 considerationerirtutcm
1002 5353 1090 5421 possi·
1142 5350 1211 5403 citur
1223 5347 1373 5402 Jerusalem
1389 5356 1416 5401 ct
1432 5362 1510 5402 mons
1524 5346 1591 5401 Sion
1607 5364 1615 5398 ε
1632 5345 1691 5401 llou
1710 5359 1752 5404 cst
1773 5352 1868 5421 utiquc
1882 5352 1928 5406 ltoe

304 5458 364 5501 mus
389 5442 545 5513 diligentius
560 5445 771 5513 apprehendere,
788 5446 854 5500 milti
869 5446 976 5515 qiridem
998 5460 1031 5500 ex
1047 5446 1090 5500 liis
1140 5438 1199 5493 siue
1211 5453 1293 5492 causa
1307 5438 1378 5508 ‹puod
1391 5436 1531 5504 Beniamin
1547 5439 1575 5491 in
1589 5446 1663 5492 sorte
1677 5454 1729 5494 sua
1740 5444 1849 5513 accepit
1860 5442 1929 5498 lent·

304 5536 429 5592 omnibus
443 5534 484 5588 vel
503 5535 612 5589 evidens
627 5536 713 5590 mllmc
727 5552 822 5591 sensus
840 5539 873 5593 ad
889 5537 1019 5608 liquidum
1038 5552 1087 5609 pa·
1141 5529 1223 5587 salem
1240 5536 1268 5584 ct
1283 5536 1400 5582 montem
1427 5526 1504 5589 Sion,
1519 5528 1584 5596 uuio
1599 5528 1722 5586 coelcstis
1736 5531 1811 5587 illius
1823 5533 1925 5589 lerm-

305 5632 362 5681 tere
376 5639 428 5679 non
439 5626 535 5694 potuit,
557 5625 599 5680 vel
617 5627 698 5679 ctiam
711 5626 744 5680 dc
762 5642 791 5681 rc
807 5637 880 5682 tanta
895 5630 1049 5684 enuntiandi
1062 5637 1089 5682 ct
1143 5624 1195 5677 lem
1208 5621 1278 5676 ratio
1292 5621 1350 5675 sine
1361 5619 1443 5673 dultio
1465 5619 1517 5673 lroc
1536 5621 1663 5689 exigebat
1680 5630 1713 5675 ut
1730 5621 1789 5691 jam
1816 5627 1924 5695 aliatum

306 5715 457 5786 proferendi
471 5717 552 5770 animi
564 5726 652 5771 metus
663 5718 770 5772 insedit.
786 5718 852 5773 lllud
865 5729 953 5774 autem
977 5718 1092 5788 mquan·
1143 5713 1281 5784 Beniamin
1294 5712 1359 5765 (1³¹0
1371 5710 1480 5764 (leberti
1490 5708 1638 5764 Jerusalem
1654 5716 1808 5781 terrestris,
1828 5733 1885 5787 utta
1897 5716 1925 5769 il·

306 5814 363 5859 tum
381 5821 424 5860 res
446 5808 547 5875 patitur
568 5809 714 5878 contigisse
732 5809 857 5874 srrlllciat,
873 5812 945 5881 qrrcd
963 5811 1040 5866 nobis
1057 5811 1091 5865 ab
1142 5806 1321 5862 liuscmlestis
1332 5804 1444 5875 liguram
1459 5812 1549 5861 servat
1562 5819 1593 5858 ac
1604 5803 1732 5861 locutam.
1746 5806 1926 5863 Similiterau·

232 5945 240 5958 ,
305 5896 434 5964 apostolis
457 5912 516 5951 sors
529 5899 608 5953 dueta
627 5900 757 5969 designat.
773 5900 840 5965 Quia
855 5901 899 5954 nlti
917 5900 969 5954 lide
987 5901 1110 5970 integra·
1143 5900 1244 5955 temde
1267 5898 1407 5966 Beniamin
1423 5898 1565 5953 dicendum
1586 5906 1639 5962 cst,
1659 5899 1734 5969 quod
1752 5910 1832 5955 certa
1845 5901 1925 5970 aliqua

309 5986 472 6042 accratimc
491 5990 629 6057 praemissa
644 6006 702 6046 sors
723 5990 839 6053 ducitur,
856 6005 888 6044 ca
902 6006 961 6061 quim
981 5991 1028 6046 nei
1041 6006 1091 6045 ro·
1143 5993 1246 6049 ratione
1259 5992 1286 6048 ln
1299 5990 1375 6050 ludae
1396 6003 1496 6049 sortem
1509 5990 1673 6061 decernitur,
1694 5993 1738 6049 vel
1760 5995 1870 6052 llelrrou
1890 5991 1927 6049 tel
