4500 6842
303 623 355 679 tna
620 626 651 680 B.
671 626 799 683 tranant
818 628 929 685 llnultl
946 624 1106 682 nitentur.
1127 625 1283 684 thCUh'T.
1304 626 1448 685 orendil
1466 626 1556 685 Paris
1575 629 1609 691 ll.
1887 632 1944 689 400

270 722 273 727 ’
302 738 348 809 qni
365 737 489 794 discessit
502 752 517 793 a
529 738 658 795 servitute
667 737 780 808 justitiae
795 746 823 794 ct
837 738 865 793 in
878 747 1024 810 conspeetu
1039 738 1093 795 llo·
1106 735 1256 808 Aiustitiae
1278 754 1328 810 per
1346 738 1538 808 obedientiam,
1560 740 1632 797 beus
1649 740 1739 797 tradat
1749 748 1780 798 ιι
1792 740 1942 801 instituan-

302 829 369 884 ruini
389 829 581 900 omnipotentis
600 830 751 894 rebellavit,
772 842 882 902 propter
900 831 972 902 quod
986 839 1014 886 et
1032 844 1094 902 apo-
1144 827 1405 895 turetimbuantur,
1423 828 1571 884 seeundum
1586 828 1700 885 iorrnaru
1711 826 1835 901 iustitie,
1850 840 1943 889 moret

302 931 373 977 statu
387 920 536 992 appellatus
549 928 600 976 est.
617 919 730 977 Constat
743 936 808 993 ergo
820 937 854 978 ex
866 921 909 977 his
923 920 1093 1001 sermonibus
1143 932 1188 974 me
1207 918 1289 974 etiam
1304 919 1366 986 hoc,
1385 919 1458 989 quod
1474 934 1529 976 non
1548 920 1617 976 dixit
1638 919 1771 977 obedistis
1793 936 1829 977 ex
1855 922 1943 979 eorda

214 1048 217 1058 ·
300 1011 390 1075 Pauli,
403 1012 500 1082 quibus
514 1011 590 1074 dicit,
604 1012 667 1082 qrriu
683 1013 725 1067 etti
743 1030 786 1068 ros
803 1013 929 1069 exhibetis
951 1029 1038 1069 cereos
1057 1014 1092 1068 od
1143 1007 1284 1075 doctrine,
1301 1009 1328 1064 in
1345 1023 1427 1080 quam
1450 1010 1543 1065 traditi
1566 1011 1643 1078 estis,
1669 1011 1718 1068 sed
1742 1009 1862 1069 sormam
1889 1015 1942 1071 dn·

303 1103 484 1170 obediendum,
499 1102 566 1156 serui
584 1102 705 1175 estirejus
716 1105 758 1159 roi
766 1103 897 1170 obedistis,
919 1103 973 1159 sire
994 1102 1093 1174 peccati
1142 1097 1239 1154 carine
1261 1101 1371 1170 posuit:
1395 1116 1445 1157 nec
1463 1110 1529 1171 puto
1549 1103 1622 1172 quod
1641 1118 1724 1158 unum
1743 1119 1805 1160 esse
1823 1106 1943 1162 senserit

303 1194 355 1248 sire
363 1192 487 1263 justitie,
500 1192 562 1263 quia
574 1202 671 1263 sponte
683 1205 776 1250 nostra
788 1193 839 1264 ipsi
852 1194 1011 1250 exhibemus
1021 1192 1094 1250 nubo
1144 1193 1291 1263 Apostolus
1304 1193 1458 1250 doctrinam
1472 1201 1500 1251 et
1514 1193 1628 1251 sormam
1646 1196 1786 1254 doctrinm.
1803 1196 1858 1254 Sed
1872 1197 1943 1254 mibi

303 1292 415 1353 cogente
429 1281 471 1336 rel
487 1290 600 1352 peceato
614 1285 717 1340 servire
730 1284 772 1341 rel
783 1283 895 1353 justitie
907 1300 957 1356 per
969 1284 1094 1341 obedien·
1143 1284 1250 1340 uidetur
1271 1286 1343 1356 quod
1366 1283 1480 1342 sormam
1499 1287 1631 1344 doctrinm
1654 1290 1745 1345 minus
1759 1304 1820 1347 esse
1833 1289 1941 1354 scierit.

303 1374 369 1429 tiam
384 1381 516 1441 nostram,
528 1383 556 1431 et
568 1375 629 1432 ideo
643 1377 739 1432 horum
754 1392 861 1448 semper
881 1376 1036 1433 meminisse
1047 1376 1095 1435 de-
1143 1389 1226 1446 quam
1240 1375 1326 1446 ipsam
1342 1376 1508 1445 doctrinam,
1524 1389 1550 1434 et
1565 1394 1639 1435 nune
1652 1380 1761 1450 quidem
1773 1378 1941 1452 inpraesenti

302 1465 408 1532 bemus,
432 1481 467 1521 no
490 1467 585 1522 inanes
598 1467 723 1537 querelas
745 1467 773 1523 in
796 1468 900 1538 peceati
920 1467 1094 1524 excusatione
1145 1464 1201 1519 rita
1215 1465 1277 1519 dum
1291 1465 1318 1520 ἱιι
1336 1481 1450 1538 torpore
1474 1460 1578 1534 Simius,
1599 1477 1627 1523 θῑ
1646 1478 1775 1541 ιιιιιιιῑ
1800 1477 1941 1525 terrenum

302 1557 489 1628 proteramus,
511 1558 632 1614 diceutes
652 1560 715 1630 quia
746 1558 869 1615 diabolus
896 1559 960 1615 iecit
976 1566 1005 1614 ut
1028 1573 1094 1629 pec·
1144 1554 1196 1610 hoo
1215 1556 1397 1613 habitaculum
1417 1572 1526 1614 sensum
1539 1557 1622 1614 multa
1636 1559 1811 1631 cogitantem,
1823 1557 1941 1617 formam

302 1658 380 1704 rator
405 1665 504 1715 essem,
546 1658 593 1705 aut
625 1658 730 1707 nature
755 1653 912 1718 necessitas,
937 1659 984 1707 aut
1004 1649 1094 1706 raetis
1145 1644 1274 1699 doctrinae
1287 1645 1427 1713 habemus,
1444 1661 1499 1703 nnn
1513 1647 1599 1719 ipsam
1610 1649 1772 1717 doctrinam,
1786 1649 1857 1705 sicut
1866 1650 1940 1708 idam

303 1740 432 1807 conditio,
457 1748 504 1795 aut
528 1756 623 1797 cursus
643 1751 798 1808 astrorunr;
824 1743 871 1798 sed
897 1743 960 1799 audi
973 1751 1094 1813 apertum
1144 1733 1287 1806 Apostolus
1297 1735 1325 1791 in
1336 1737 1395 1792 aliis
1407 1736 1584 1795 dieittlltrrrc
1596 1750 1684 1796 aetem
1695 1740 1811 1796 ridentes
1822 1759 1870 1813 per
1878 1759 1940 1813 spo-

302 1828 378 1884 l‘uuli
394 1830 565 1897 sementiam,
582 1845 634 1901 qua
648 1831 723 1898 dicit,
736 1833 779 1885 cni
800 1828 924 1887 exhibetis
945 1848 990 1886 uos
1007 1847 1095 1886 serras
1145 1825 1233 1878 culum
1248 1826 1275 1881 ιι
1288 1827 1437 1898 oenipntote,
1451 1828 1509 1899 ipsa
1521 1838 1611 1885 autem
1624 1830 1747 1887 doctrina
1766 1831 1813 1898 sit,
1834 1833 1867 1888 dc
1882 1848 1940 1904 qna

302 1921 338 1974 ud
354 1920 535 1988 obediendum,
552 1922 619 1977 serui
632 1923 693 1977 estis
706 1923 763 1993 ejus
774 1923 817 1977 etri
829 1923 961 1992 obedistis,
976 1924 1029 1979 rire
1040 1939 1096 1993 pec·
1145 1918 1220 1985 dicit,
1235 1928 1296 1975 terre
1307 1929 1395 1974 eutem
1414 1921 1556 1977 videbimus
1573 1923 1642 1993 [orie
1652 1923 1687 1977 ed
1698 1923 1804 1993 [oriem.
1818 1923 1895 1980 Unde
1909 1932 1939 1980 et

301 2010 356 2066 ceti
370 2013 424 2066 siue
433 2011 557 2083 justitie.
1145 2010 1172 2065 in
1186 2011 1312 2082 praesenti
1325 2011 1378 2066 rita
1392 2021 1469 2083 puto,
1490 2014 1562 2084 quud
1580 2012 1695 2070 sormam
1715 2024 1796 2088 atque
1813 2018 1939 2073 umbram

337 2102 444 2159 Gratius
459 2113 546 2160 aetem
563 2104 627 2172 Deo,
645 2105 716 2176 quod
733 2104 821 2176 fuistis
832 2106 899 2161 terei
910 2106 1021 2177 peccati,
1035 2103 1095 2159 ebe·
1108 2094 1132 2154 B
1144 2102 1275 2157 uirtutum
1290 2111 1380 2158 tenere
1395 2103 1547 2174 possimus:
1561 2105 1635 2175 ipses
1655 2121 1720 2162 rere
1737 2107 1853 2163 virtutes
1874 2116 1941 2163 turre

302 2196 377 2250 distis
388 2205 475 2250 mrtem
494 2213 527 2250 es
539 2197 616 2251 corde
629 2197 657 2252 in
667 2213 725 2251 eom
735 2197 847 2267 formam
862 2196 987 2252 doctrine
1001 2197 1028 2250 iu
1041 2211 1094 2267 pao
1145 2209 1207 2251 eum
1222 2196 1344 2251 venerint
1365 2196 1409 2251 illu
1429 2211 1490 2266 ιιι
1503 2196 1622 2267 perlecta
1643 2206 1715 2263 sunt,
1729 2207 1758 2254 ιι
1774 2199 1835 2255 ideo
1847 2198 1941 2268 justus

303 2287 395 2341 traditi
419 2288 489 2341 estis.
515 2286 662 2344 Credentes
687 2296 777 2342 eutem
806 2287 833 2342 in
857 2281 995 2343 Christum
1022 2284 1094 2341 serui
1145 2299 1217 2339 nune
1229 2285 1315 2356 inagis
1325 2293 1353 2339 ut
1371 2286 1438 2340 milri
1448 2287 1554 2341 ridetur
1564 2287 1592 2343 iu
1605 2286 1699 2343 umbra
1713 2289 1842 2344 virtutum
1854 2303 1940 2358 quarn

302 2378 368 2434 sacti
383 2394 476 2435 sumus
493 2379 617 2450 justitiae,
641 2379 699 2451 ejus
725 2379 798 2435 enim
823 2378 895 2435 scrri
916 2379 1031 2434 dicimur
1050 2377 1094 2433 eui
1145 2376 1172 2431 in
1186 2377 1253 2448 ipsis
1264 2377 1409 2434 virtutibus
1423 2378 1500 2434 ririt.

302 2469 454 2535 obedimus,
469 2479 496 2526 ιι
508 2471 571 2541 quia
579 2469 683 2540 justum
695 2480 736 2526 est
748 2470 857 2527 obedire
867 2470 985 2535 Chrism,
1000 2470 1095 2541 etipse
1178 2468 1295 2526 liberati
1309 2482 1395 2526 autem
1411 2484 1558 2544 opeccoto,
1578 2473 1644 2528 terri
1659 2474 1722 2543 forti
1737 2475 1799 2530 estis
1812 2475 1939 2545 justitie.

302 2563 375 2619 enirn
384 2559 489 2630 justitia
502 2571 553 2628 est,
568 2571 595 2617 ιι
606 2579 665 2634 ιιι
680 2564 806 2634 praecepit
817 2563 889 2634 justa
906 2570 978 2629 sunt,
994 2562 1095 2617 idcirco
1144 2559 1283 2632 Expositiu
1294 2571 1336 2617 est
1355 2563 1382 2616 iu
1396 2562 1439 2618 his
1452 2577 1545 2619 eorum
1555 2578 1614 2633 qnae
1630 2565 1755 2634 superius
1765 2565 1893 2622 diximus.
1908 2562 1940 2621 Si

304 2655 369 2710 dicit
382 2671 467 2710 seruos
480 2671 526 2709 ιιι
541 2654 623 2725 sectos
633 2654 758 2725 justitie,
772 2668 804 2708 ex
818 2655 898 2709 eorde
912 2670 966 2709 nun
978 2668 1011 2709 ex
1024 2652 1093 2723 lege,
1145 2653 1218 2708 enim
1239 2651 1308 2706 ultra
1328 2667 1381 2707 uon
1402 2653 1527 2708 servietis
1545 2663 1665 2722 peceato,
1691 2664 1796 2710 certum
1808 2664 1850 2711 est
1863 2658 1951 2726 quod·

302 2755 334 2801 ut
346 2745 479 2817 professio
500 2753 593 2802 nostra
612 2745 694 2801 animi
705 2744 808 2815 judicio
823 2752 974 2816 promatur,
986 2759 1035 2813 per
1047 2758 1095 2798 ua-
1145 2742 1252 2798 liberati
1265 2744 1300 2798 ab
1312 2758 1345 2798 eo
1360 2744 1430 2798 serri
1453 2743 1517 2799 lacti
1536 2745 1601 2800 estis
1615 2745 1739 2815 justitie,
1757 2746 1805 2800 sed
1820 2745 1938 2816 requiri·

303 2846 393 2893 turam
409 2837 482 2892 enirn
497 2836 598 2893 inducti
617 2836 754 2892 sumusad
774 2836 853 2891 iidem
874 2851 926 2891 non
939 2850 987 2905 per
996 2833 1093 2905 legem,
1146 2841 1199 2898 tur,
1217 2833 1278 2903 quis
1294 2841 1336 2888 est
1354 2833 1400 2903 qui
1420 2833 1519 2891 liberat
1537 2847 1553 2888 a
1570 2844 1704 2904 peccatu:
1724 2835 1783 2891 siue
1797 2835 1878 2890 dubio
1890 2850 1937 2891 re·

285 2927 331 3007 'in
354 2943 407 2998 qna
427 2926 514 2983 lurnra
536 2926 676 2995 doctrines,
700 2927 749 2983 Dei
772 2927 884 2998 imperio
906 2925 970 2982 taen
989 2940 1093 2991 sumus,
1146 2924 1235 2978 ritatis
1246 2924 1357 2995 uguitio.
1374 2924 1420 2980 Sic
1434 2926 1505 2981 eninr
1519 2926 1624 2981 dicebat
1636 2924 1714 2982 lusus
1725 2924 1876 2983 adludseos
1890 2925 1938 2998 qui

303 3021 350 3092 qui
377 3020 454 3077 linxit
478 3030 615 3086 naturam,
639 3023 667 3076 in
695 3032 790 3076 natura
816 3021 888 3076 euim
912 3019 1042 3074 hahemus
1064 3024 1095 3072 ut
1145 3015 1365 3080 eredideruntei‚
1381 3017 1411 3072 st
1427 3017 1588 3072 credideritis
1608 3017 1682 3072 uerbo
1703 3035 1771 3085 meo,
1793 3020 1939 3091 opnoscetr's

305 3125 500 3182 cognoscamus
514 3126 529 3166 a
542 3126 596 3181 quo
615 3119 643 3164 et
654 3127 704 3182 per
723 3126 802 3180 quem
825 3120 853 3165 ιι
875 3110 902 3166 iu
925 3122 978 3177 (luo
1002 3121 1095 3163 sumus
1145 3105 1319 3172 ueritatem,et
1335 3104 1431 3160 ueritas
1444 3105 1562 3160 liberabit
1574 3124 1626 3162 ros.
1642 3106 1746 3162 Veritas
1756 3115 1798 3163 est
1805 3122 1870 3180 ergo
1878 3122 1940 3180 quat

303 3202 400 3258 errati.
426 3201 524 3256 Forma
547 3215 612 3270 ergo
633 3200 762 3257 doctrinm
780 3200 864 3255 estin
885 3215 964 3269 quarm
986 3197 1095 3254 tradidit
1145 3195 1268 3251 liberate
1279 3207 1401 3267 peceato,
1412 3206 1440 3252 ct
1452 3198 1574 3254 veritatis
1587 3199 1702 3271 aguitio;
1715 3207 1818 3256 eertum
1833 3207 1876 3256 est
1891 3216 1942 3257 au·

303 3309 354 3348 nus
377 3301 484 3346 creator
507 3291 678 3358 naturaliter,
701 3291 753 3347 boe
770 3300 822 3357 est,
836 3289 907 3360 quod
921 3306 1001 3361 supra
1016 3289 1093 3370 dixit,
1146 3294 1200 3341 tem
1214 3287 1277 3359 quia
1287 3288 1375 3344 omrris
1383 3288 1429 3358 qui
1438 3287 1569 3344 liberatus
1578 3287 1660 3344 luerit
1677 3286 1941 3359 speceamjxsutin

304 3385 355 3455 ipsi
366 3384 416 3439 sibi
429 3384 553 3450 lessam,
568 3383 631 3436 dem
652 3383 737 3437 uident
756 3392 858 3436 rroturm
877 3399 932 3437 stre
950 3399 1004 3437 esse
1024 3382 1094 3455 quod
1146 3379 1256 3434 serriut.
1272 3378 1350 3447 Quod
1371 3389 1461 3436 auteur
1478 3379 1594 3437 dicimus
1610 3380 1723 3451 iustitiae
1741 3382 1850 3448 serviat,
1869 3395 1938 3452 que-

304 3474 547 3546 crederemquod
560 3473 714 3530 ludmislen
728 3481 755 3529 ιι
767 3474 904 3544 propbetae
915 3474 1097 3546 praedicarunt
1109 3452 1132 3516 C
1148 3471 1334 3542 niamjustitia
1345 3488 1398 3528 uua
1415 3482 1457 3529 est
1473 3487 1507 3530 ex
1522 3473 1654 3529 virtutum
1668 3475 1765 3542 ebore,
1780 3472 1870 3530 simile
1886 3480 1941 3539 est,

305 3564 468 3632 derristo,
484 3566 535 3635 boe
552 3565 665 3638 gentiles
690 3580 723 3620 ex
747 3565 828 3621 corde
855 3566 1002 3621 confidant.
1027 3564 1097 3621 ilinc
1147 3575 1177 3622 ut
1200 3567 1222 3620 si
1240 3564 1410 3621 diceremus:
1426 3566 1489 3637 quia
1508 3566 1607 3637 siquis
1632 3565 1763 3622 liberatus
1782 3572 1825 3621 est
1842 3560 1941 3639 xpee-

305 3655 389 3711 reiert
407 3655 508 3727 gratias
524 3655 649 3722 Domino,
661 3655 725 3726 quia
738 3671 799 3712 cum
814 3670 935 3712 essemus
950 3655 1019 3711 servi
1034 3670 1096 3727 pee-
1147 3668 1209 3716 catu
1228 3658 1328 3715 serr-tot
1349 3657 1456 3714 veritati
1480 3667 1509 3714 et
1529 3657 1628 3713 serriet
1648 3657 1786 3728 sapientie
1798 3664 1825 3712 et
1837 3654 1943 3712 serviet

304 3749 357 3805 cati
372 3747 540 3804 obedivimus
557 3761 591 3804 ex
611 3749 692 3804 corde
712 3749 853 3804 credentes
868 3748 895 3802 in
910 3747 1047 3804 Christum
1066 3755 1096 3803 ut
1145 3749 1282 3822 pudicitiae
1294 3755 1322 3804 et
1335 3747 1436 3807 serviet
1452 3747 1555 3818 pietati.
1577 3745 1642 3815 Qure
1653 3746 1742 3802 omnin
1759 3760 1821 3801 eum
1833 3743 1943 3800 secteris

305 3836 470 3897 serrrhemus
482 3839 548 3909 biso,
564 3855 618 3896 non
632 3840 777 3913 perlegem
790 3839 874 3913 bloysi
887 3839 934 3895 sed
950 3854 998 3910 per
1010 3839 1097 3912 legem
1147 3841 1288 3913 speciebus
1300 3839 1443 3906 uirtutum,
1466 3847 1573 3911 oportet
1594 3854 1703 3895 serrum
1720 3839 1777 3905 bel,
1801 3847 1830 3893 ιι
1841 3852 1843 3858 ·
1854 3839 1883 3894 iu
1900 3838 1942 3896 eis

304 3939 419 3986 araturae.
444 3930 520 3998 Quod
543 3931 616 3988 enim
638 3930 703 3988 dicit
722 3932 822 4004 prorius
840 3929 906 3996 Deo,
927 3931 990 4001 pario
1009 3929 1097 4000 fuistis
1147 3935 1216 3990 bene
1228 3933 1365 4004 operando
1377 3946 1461 4003 usquc
1475 3932 1502 3987 iu
1520 3932 1600 3986 srnem
1620 3937 1797 4003 perseveraris
1810 3929 1942 3986 advitam

304 4021 371 4076 serui
382 4021 492 4093 percuti,
505 4021 624 4078 ostendit
641 4037 736 4078 ornnes
755 4021 880 4078 homiues
892 4021 982 4092 primo
995 4019 1098 4076 servire
1147 4029 1287 4099 perveniat
1307 4027 1510 4098 sempiternam,
1529 4006 1675 4096 prestante
1701 4024 1816 4079 bomine
1843 4032 1943 4081 nostro
1988 4092 1994 4101 ,

304 4121 429 4182 peceato,
444 4112 483 4168 sic
493 4113 565 4168 euim
577 4113 770 4184 scriptumest,
783 4114 846 4184 puio
859 4129 911 4167 non
920 4112 1009 4183 justus
1020 4127 1098 4182 super
1147 4114 1211 4172 iesu
1228 4116 1347 4182 chrisio,
1371 4117 1417 4187 qui
1437 4131 1500 4171 cum
1513 4114 1594 4172 Patre
1613 4125 1640 4170 et
1663 4113 1764 4185 spiritu
1790 4122 1888 4170 salicto
1901 4113 1943 4168 ri-

305 4213 403 4256 terram
425 4202 470 4272 qni
482 4201 562 4270 [noim
586 4202 682 4256 bonurn
703 4213 727 4258 et
750 4220 803 4257 nort
826 4204 979 4273 peccauerit.
1007 4200 1097 4258 Primo
1148 4210 1186 4264 uit
1209 4218 1353 4283 strepunt
1376 4210 1447 4266 Deus
1465 4224 1514 4280 per
1535 4209 1626 4266 omnia
1646 4208 1743 4265 saecula
1766 4206 1940 4265 soeculorum.

304 4294 378 4348 enirn
403 4306 513 4349 necesse
534 4301 577 4349 est
599 4294 721 4350 inomni
746 4296 855 4351 bonrine
878 4295 943 4352 illud
969 4293 1097 4366 compleri
1148 4301 1246 4356 Arinen.

231 4386 243 4407 ‘
305 4385 378 4455 rpuod
390 4383 520 4454 seriptum
534 4393 587 4452 est,
604 4382 659 4441 Sed
674 4384 719 4440 ubi
733 4385 807 4440 reuit
819 4386 985 4452 arandatunr,
1003 4398 1099 4456 pecea·
1396 4392 1534 4451 llolllLlA
1552 4393 1691 4451 cxxxiii.

306 4487 363 4533 turn
380 4476 497 4545 revixit;
513 4478 565 4534 buc
578 4491 642 4533 vero
653 4477 725 4548 quod
738 4478 860 4547 sequitur
871 4477 904 4532 ad
915 4492 1014 4547 paucos
1028 4476 1098 4531 diei·
1338 4482 1340 4487 '
1431 4501 1496 4542 iren
1517 4501 1595 4542 reum
1613 4502 1650 4541 ιι.

306 4577 363 4637 hur,
374 4569 408 4627 ad
416 4584 462 4626 eos
473 4570 519 4642 qui
529 4568 779 4640 jamemettdatllur,
791 4569 862 4640 quod
873 4569 971 4624 dicilul·
979 4588 985 4623 :
993 4567 1098 4624 Gratias
1229 4574 1320 4631 Lectio
1332 4576 1418 4631 saneti
1432 4576 1569 4648 Evangelii
1584 4577 1729 4633 secundum
1743 4576 1858 4633 Lucam.

306 4672 393 4717 autem
407 4661 474 4729 Deo,
491 4663 553 4735 quio
567 4663 655 4746 sitistis
672 4662 738 4717 serui
750 4661 997 4733 pecenti„obedistis
1012 4673 1097 4718 aetem
1184 4689 1219 4745 pn
1230 4690 1275 4745 mo
1286 4702 1399 4762 ‘empore
1410 4691 1476 4745 dixi,
1486 4691 1564 4748 hm
1579 4693 1711 4763 dmm,
1722 4693 1778 4748 mi,
1790 4709 1799 4748 .·
1810 4693 1866 4760 eri
1875 4692 1941 4764 fide,

307 4773 341 4812 ee
354 4757 432 4812 corde
444 4758 472 4811 in
482 4774 541 4813 eom
552 4756 666 4829 formam
676 4755 802 4812 doctrine
813 4757 902 4827 inquo
920 4756 1011 4811 traditi
1025 4757 1095 4811 estis.
1150 4782 1183 4838 p,
1196 4792 1233 4838 m
1247 4784 1274 4836 ὴ,
1294 4784 1412 4849 minimo,
1435 4793 1459 4838 e,
1470 4755 1504 4838 ‘fn
1524 4784 1624 4855 majore
1640 4784 1724 4854 fideus
1743 4794 1799 4851 ω).
1817 4794 1843 4840 ,3
1856 4786 1902 4857 q„-
1914 4785 1941 4840 ἦ,

308 4844 386 4903 Serri
409 4862 473 4919 ergo
498 4849 598 4904 luimus
620 4862 715 4905 omnes
740 4848 854 4919 peceati,
874 4847 922 4904 sed
940 4847 985 4903 nbi
1001 4848 1102 4915 tradita
1149 4873 1369 4944 mmmmm„
1381 4884 1430 4940 m.
1448 4884 1472 4928 ι,
1488 4875 1515 4930 5„
1530 4877 1804 4947 majommqmm·

307 4944 350 4993 est
364 4938 442 4993 nobis
457 4938 544 4993 torma
555 4938 686 4995 doctrina
699 4948 727 4995 et
740 4938 803 4996 huie
816 4954 870 4994 nou
883 4947 1029 5008 utcunque,
1050 4953 1098 4995 ne·
1185 4964 1254 5021 sum
1273 4967 1319 5037 qui
1343 4968 1448 5023 viscera
1472 4968 1581 5038 pimus
1595 4978 1623 5025 et
1634 4984 1717 5039 opem
1734 4971 1940 5039 misericordia.

308 5026 441 5103 querelis
460 5027 561 5095 verbis,
585 5030 632 5086 sed
653 5045 687 5085 ex
703 5032 795 5096 corde,
815 5046 848 5086 es
868 5031 968 5097 animo,
988 5046 1021 5087 ex
1042 5040 1098 5088 tota
1150 5072 1210 5129 quae
1222 5059 1353 5128 proximis
1367 5059 1502 5115 debemur
1517 5060 1682 5130 ignorantes,
1698 5064 1794 5120 merim
1810 5079 1842 5121 se
1859 5065 1942 5122 mu,

310 5120 453 5223 devotione
475 5118 600 5223 eligimus
623 5119 755 5224 obedire,
770 5121 917 5224 liberamur
936 5139 951 5178 a
970 5123 1099 5181 servitute
1151 5147 1405 5219 1³253„13ffiaw‚n,
1426 5150 1511 5223 10„ssae
1525 5154 1666 5220 orationis,
1683 5153 1771 5224 ΝΜ
1783 5154 1860 5222 ndei,
1872 5154 1943 5227 jeju,

308 5219 414 5285 peeeatr
427 5218 455 5267 ιι
465 5208 597 5266 elllcrmur
609 5226 680 5267 serrr
690 5222 812 5280 Jusuuae.
826 5211 903 5281 Quod
916 5223 1006 5270 autern
1019 5215 1098 5282 dixit,
1150 5239 1268 5307 morum,
1289 5250 1503 5313 ,mmmm
1523 5243 1663 5309 virtutum,
1686 5259 1747 5314 ω
1765 5245 1815 5300 Dei
1833 5246 1942 5302 dim

311 5302 423 5374 {ormont
445 5300 581 5367 doctrine,
602 5303 631 5356 in
645 5318 697 5373 quo
712 5302 803 5358 traditi
818 5307 890 5372 estis,
907 5306 1098 5377 requirendum
1150 5327 1261 5399 gignere
1281 5328 1360 5395 soret,
1376 5331 1509 5386 ,praepes
1521 5331 1613 5388 fideles
1626 5332 1796 5399 Hispalam,-
1820 5334 1870 5390 sad
1882 5334 1942 5406 ιι...)

308 5400 392 5468 huwo
420 5391 554 5463 qu⁰¹1¹⁰d⁰
580 5393 765 5466 fluminisque
792 5399 923 5452 fflfflifflf·
947 5397 1100 5456 'mmmm
1146 5415 1238 5486 judice
1253 5427 1410 5487 attestante,
1421 5421 1466 5492 qai
1481 5420 1567 5490 fidelis
1576 5432 1613 5476 est
1625 5423 1653 5476 irr
1667 5424 1785 5489 minimo,
1804 5424 1833 5478 id
1846 5433 1899 5491 est,
1914 5424 1943 5481 ln

310 5496 439 5586 ssflmhlleg
464 5482 527 5553 (1⁰5²
547 5497 596 5539 00⁸
609 5483 655 5554 (lui
669 5498 722 5539 ¹¹⁰⁰
736 5485 886 5556 probantur
896 5489 981 5543 Deum
998 5490 1100 5547 1¹³b⁰s⁰
1151 5510 1265 5580 pecunia
1278 5525 1339 5566 eum
1353 5526 1471 5582 paupere
1484 5513 1681 5583 participanda,
1694 5514 1722 5568 irr
1735 5515 1840 5586 majore
1854 5514 1944 5586 fidelia

310 5573 339 5631 iu
359 5581 495 5639 uotrtram,
513 5572 602 5628 tradat
619 5573 690 5630 Deus
703 5577 851 5634 seeundum
863 5579 996 5635 desideria
1011 5581 1101 5638 cordis
1151 5609 1207 5666 est,
1232 5599 1277 5656 ppo
1300 5600 1425 5656 prpepoep
1437 5611 1529 5669 acm,
1549 5619 1603 5674 quo
1627 5604 1780 5674 specjapm
1801 5606 1944 5662 amm„

309 5680 416 5736 wfflfflr
441 5665 469 5721 5¹¹
494 5664 711 5733 ifflfflufldffiifflr
736 5674 765 5721 ¹¹²
788 5671 960 5741 ⁶⁰ss¹⁰¹¹ie¹llS
982 5670 1101 5729 afficiam
1151 5684 1283 5755 Creptorl,
1300 5694 1328 5742 et
1337 5703 1407 5743 uirus
1419 5702 1480 5743 eum
1493 5703 1526 5743 co
1537 5689 1650 5758 spiritus
1663 5688 1732 5745 efflei
1744 5690 1895 5747 desiderat.
1908 5691 1945 5746 tt

310 5774 425 5833 corpora
440 5772 488 5815 sua
504 5757 532 5813 iu
545 5757 708 5827 semetipsis,
727 5766 756 5815 ιι
771 5759 838 5817 alios
852 5763 899 5832 qni
914 5772 1098 5820 commutare·
1152 5775 1198 5845 qui
1212 5777 1369 5847 temporatia
1387 5794 1447 5848 quae
1464 5779 1585 5849 possidet
1599 5789 1672 5837 recte
1685 5780 1848 5852 dispensare
1861 5782 1943 5839 dissi-

310 5859 375 5907 runt
394 5851 508 5924 gloriam
524 5849 736 5921 incorruptibilis
751 5849 799 5909 liei
813 5855 902 5911 tradat
912 5855 940 5910 in
960 5857 1100 5925 passiones
1153 5864 1247 5932 mulat,
1263 5874 1428 5924 eternorum
1448 5869 1499 5924 sibi
1518 5870 1631 5941 gloriam
1646 5871 1679 5927 de
1693 5886 1747 5942 qua
1770 5879 1860 5930 tumet
1882 5887 1946 5929 era-

311 5940 475 6012 ignominie,
489 5942 523 5998 de
539 5939 636 6012 quibus
654 5941 682 5996 iu
702 5941 769 5999 locis
788 5945 845 6001 suis
865 5953 944 6016 prout
964 5948 1100 6017 potuimus
1153 5966 1225 6012 enat.
1242 5957 1293 6023 Ωιι
1306 5960 1374 6013 enim
1387 5976 1438 6015 ιιι
1452 5960 1536 6032 dilipr't
1550 5960 1659 6032 fratrem
1676 5980 1755 6019 roem
1770 5982 1850 6036 prtem
1864 5966 1943 6030 ridet,

313 6029 440 6117 diximus,
454 6040 482 6087 et
494 6031 539 6089 hic
551 6045 617 6104 crgo
629 6032 675 6105 qui
691 6035 851 6105 semetipsos
865 6036 993 6095 exhibent
1007 6053 1100 6099 serres
1154 6045 1238 6101 Deum
1261 6064 1336 6119 qoem
1358 6066 1410 6106 nor
1428 6052 1496 6107 ridet
1514 6053 1644 6122 quomodo
1662 6065 1745 6126 potest
1765 6056 1903 6131 drlioere,
1919 6067 1945 6116 ιι
