4500 6842
303 634 360 692 Ul
860 633 1014 691 bobium
1034 633 1069 691 lh
1089 632 1216 691 attho.
1238 633 1282 690 ET
1301 630 1409 688 EPIST.
1891 632 1949 692 m

307 747 348 803 tia
361 744 408 817 goi
421 751 464 800 εει
479 758 512 799 ex
526 742 567 798 eis
583 756 665 813 snpra
679 750 798 809 centum,
813 752 841 799 ct
854 745 900 815 qni
916 745 997 815 Legio
1012 743 1101 815 appel·
1117 748 1144 805 Α
1432 740 1572 799 notitiis
1591 742 1667 798 XCll.

306 835 383 891 latur
392 842 504 905 propter
516 832 715 888 multitudinem
724 833 908 890 obedientium
925 836 951 890 ei
968 835 1101 889 malorum
1425 847 1451 886 tn
1468 848 1557 887 crinea
1575 849 1669 889 rssro.

307 927 457 999 qairitnum
482 934 511 981 et
538 925 741 996 cooperantium
766 926 836 999 valet
862 941 991 998 suparare
1021 934 1102 994 atque
1204 921 1297 977 Lectio
1308 921 1434 992 Epistola
1445 921 1475 975 B.
1487 921 1563 977 Pauli
1576 923 1690 993 apostoli
1701 923 1735 978 ad
1746 920 1893 980 Romanos.

308 1015 431 1071 vincere
451 1012 486 1067 m
505 1022 638 1067 tantuma
658 1014 728 1069 uobis
740 1015 828 1069 ειεεειιι
848 1014 943 1069 miliia.
964 1014 1015 1083 Qui
1028 1016 1101 1070 enim
1187 1013 1307 1081 Fratres,
1314 1014 1491 1085 justificatior
1500 1015 1658 1087 fidapacem
1667 1017 1809 1072 babeamus
1819 1018 1854 1072 ad
1863 1016 1947 1073 Deum

308 1121 366 1163 non
386 1105 473 1161 solum
490 1104 630 1160 scientiam
649 1105 731 1161 habet
750 1106 892 1172 subtilem,
917 1107 964 1162 sed
978 1107 1103 1162 attritam
1152 1122 1199 1178 per
1212 1105 1354 1161 bominum
1368 1116 1486 1159 nastrum
1500 1104 1592 1159 ieram
1606 1103 1751 1172 Christum,
1769 1116 1823 1161 etc.

307 1196 461 1270 perfectam
481 1204 562 1264 atquc
581 1206 794 1252 consummatam
815 1216 822 1251 :
844 1198 889 1252 hic
910 1197 1008 1267 duplex
1036 1212 1103 1268 qno-
1187 1196 1254 1253 Corn
1282 1203 1462 1267 pertractaret
1481 1195 1619 1265 apostolus
1646 1195 1745 1251 Paulos
1769 1196 1841 1267 qnod
1865 1209 1945 1254 nemo

309 1286 457 1342 dammodo
471 1285 600 1357 spiritalis
613 1295 665 1351 εει,
680 1295 708 1355 ει
725 1296 867 1359 propterea
883 1288 1038 1343 centenario
1054 1304 1104 1343 nu·
1153 1301 1187 1342 cr
1200 1286 1327 1356 operibus
1339 1285 1438 1339 veteris
1449 1285 1514 1354 tegis
1524 1284 1614 1338 salens
1625 1284 1682 1338 deri
1697 1286 1836 1355 potuisset,
1850 1285 1949 1355 adjun-

309 1392 388 1434 mero
398 1378 561 1434 horrendius
575 1387 628 1442 εει,
642 1379 712 1434 sient
730 1381 861 1451 duplicem
881 1381 998 1437 fructum
1014 1381 1104 1437 lerens
1153 1376 1193 1430 xit
1203 1377 1274 1447 quod
1288 1376 1452 1445 inpraesenti
1471 1375 1585 1432 lectione
1599 1375 1721 1431 audistis.
1735 1376 1879 1447 inartificati
1893 1379 1945 1450 igi·

307 1470 337 1526 irt
353 1471 451 1542 spiritu
464 1481 546 1541 atnoe
558 1473 718 1543 perlectum.
731 1474 777 1529 hit
790 1475 862 1529 enim
876 1493 882 1529 :
896 1474 931 1529 Et
946 1474 1039 1529 cadent
1053 1474 1104 1527 ini·
1153 1479 1197 1524 tar
1212 1485 1244 1523 aa
1263 1467 1327 1536 fida,
1349 1467 1382 1521 ad
1402 1467 1556 1536 exernplnm
1575 1467 1690 1522 abraba
1710 1466 1787 1536 cnjus
1815 1469 1863 1525 lilii
1886 1485 1948 1529 εεεε

307 1564 371 1619 aaa
388 1564 468 1626 cauri
480 1566 508 1618 in
524 1575 660 1635 conspecta
683 1577 765 1621 oestro
788 1565 887 1637 gladio.
912 1567 989 1622 lllum
1012 1567 1105 1623 dicens
1154 1574 1248 1615 ootoes
1265 1558 1391 1613 dicuntur
1409 1558 1519 1623 fideles,
1539 1558 1602 1628 quia
1626 1558 1764 1614 Abraham
1793 1567 1870 1629 paler
1887 1575 1947 1615 om·

307 1670 392 1726 quem
407 1656 507 1712 Paulus
518 1657 558 1712 sic
568 1656 690 1712 scribens
702 1660 847 1728 exposuit:
864 1658 931 1714 Cum
946 1658 1018 1713 enim
1030 1658 1105 1727 prius
1154 1651 1229 1705 nium
1244 1650 1413 1705 credentium
1434 1651 1637 1720 interpretatur.
1657 1650 1716 1719 Qua
1731 1652 1838 1707 ratione
1851 1662 1946 1709 osten·

309 1744 425 1801 elisisset
439 1746 609 1800 inimicorum
620 1745 714 1811 millia,
729 1746 755 1801 id
771 1758 822 1812 est,
836 1765 888 1811 non
909 1756 947 1802 art
962 1747 1035 1802 uobis
1048 1746 1103 1801 cai·
1155 1741 1228 1797 ditur
1240 1741 1312 1811 quod
1333 1740 1405 1795 nulla
1420 1741 1528 1811 generis
1548 1741 1689 1797 nobilitate
1712 1743 1773 1812 quis
1783 1741 1947 1811 justificabi-

309 1832 420 1889 hcraua
433 1835 558 1891 adseram
571 1853 674 1890 carnem
689 1847 713 1891 ει
727 1838 963 1908 sanguinearum
981 1838 1104 1892 adversus
1156 1838 1277 1886 insanie
1291 1831 1386 1894 Deum,
1403 1832 1454 1886 nisi
1474 1832 1519 1902 qai
1545 1841 1619 1887 redte
1643 1833 1790 1890 crediderit
1814 1834 1839 1889 in
1860 1836 1948 1891 Deum
2028 1846 2032 1856 ‘

310 1926 441 1996 principer
457 1929 782 1998 aramachamatale
798 1929 888 1983 rnurrdi
902 1941 1012 2002 rectores
1031 1940 1104 1984 teuc-
1155 1918 1264 1975 Patrem
1288 1929 1316 1976 et
1330 1920 1428 1976 Filium
1441 1930 1469 1975 et
1492 1921 1622 1992 Spiritum
1637 1931 1770 1992 sanctum,
1787 1934 1908 1981 sanctam
1921 1936 1950 1981 et

313 2017 419 2071 brarttm
432 2016 540 2083 harum,
552 2018 983 2089 aduersusspirituiiauepuitimin
997 2017 1105 2077 calesti·
1156 2009 1321 2066 individuam
1340 2010 1499 2066 Trinitatem
1516 2027 1600 2067 unum
1616 2012 1701 2069 Deum
1715 2029 1776 2071 εεεε
1790 2015 1947 2072 uoitrssuh·

315 2106 371 2173 huz,
394 2105 540 2173 subinfert,
563 2118 700 2179 propterea
721 2108 829 2178 accipite
853 2119 1017 2162 armaturam
1039 2107 1104 2173 Dei,
1121 2100 1264 2165 Bsmntim
1278 2108 1305 2155 et
1320 2100 1401 2155 linitis
1415 2099 1605 2169 majestatisin
1619 2103 1745 2160 omnibus
1761 2106 1948 2176 eipbromnffa

317 2212 392 2267 qnam
411 2198 550 2270 sigillatim
563 2200 738 2256 dinumerans
749 2200 786 2254 ait
798 2217 805 2253 :
817 2208 840 2254 at
855 2199 971 2270 gladium
986 2199 1104 2269 spiritur,
1154 2192 1301 2262 toaeqndis
1317 2210 1324 2246 ε
1340 2207 1393 2264 qna
1407 2195 1511 2251 ratimm
1523 2196 1651 2252 conclusa
1672 2211 1766 2267 pacem
1782 2215 1832 2255 nos
1846 2201 1948 2256 babere

319 2287 384 2355 qnod
402 2297 447 2343 est
459 2288 570 2342 verbum
582 2287 640 2342 lici.
656 2285 801 2359 despiciunt
817 2305 870 2343 aar.
886 2288 956 2355 Quid
969 2297 1012 2343 est
1031 2289 1105 2344 onim
1154 2281 1289 2349 hortatur,
1303 2283 1397 2339 dicens
1410 2299 1418 2337 ι
1431 2282 1528 2339 Pacem
1541 2286 1683 2342 habeamur
1698 2289 1732 2343 ad
1743 2287 1826 2343 Deum
1836 2307 1884 2362 par
1894 2290 1948 2346 bo-

323 2374 411 2431 nelias
424 2390 507 2446 arram
519 2376 616 2447 respici
631 2391 647 2431 a
670 2376 727 2433 lieo
743 2394 750 2431 :
765 2376 842 2447 cujus
865 2387 1005 2447 respectus
1031 2379 1105 2434 salus
1155 2372 1255 2426 minum
1268 2383 1387 2428 nostrum
1397 2373 1489 2429 letam
1499 2374 1633 2430 Christum
1648 2392 1657 2430 .·
1671 2379 1735 2449 quia
1749 2379 1831 2435 nullis
1846 2381 1946 2438 nostris

325 2472 372 2531 εει,
390 2465 548 2524 adversario
567 2476 656 2522 autem
676 2482 750 2522 mors
763 2475 814 2524 cst.
832 2467 866 2524 Ει
881 2485 995 2523 cresccre
1007 2469 1105 2539 faciam
1154 2462 1271 2530 meritis,
1283 2463 1330 2519 sed
1342 2466 1498 2521 omnesllci
1512 2482 1610 2536 magna
1622 2469 1709 2540 gratia
1719 2479 1747 2526 ει
1759 2472 1947 2528 misericordia

327 2553 604 2625 umaltipiirabimiai.
629 2556 718 2629 linget
736 2572 787 2613 nos
808 2559 916 2628 quidem
941 2575 1001 2615 cum
1022 2575 1104 2630 parva
1155 2552 1237 2610 simul
1254 2554 1361 2622 salvati,
1378 2555 1439 2615 idco
1454 2556 1569 2627 subjecti
1583 2575 1643 2616 εεεε
1655 2562 1785 2618 debemus
1799 2565 1855 2619 beo
1866 2574 1950 2635 etpa-

330 2642 457 2715 honaqttse
474 2645 580 2716 agimus
593 2647 710 2701 maxima
725 2647 789 2702 lacit
803 2663 944 2718 apparere.
959 2645 1105 2704 Consularis
1155 2658 1214 2700 cern
1236 2645 1284 2700 liei
1299 2660 1353 2700 non
1371 2656 1475 2703 tantum
1495 2652 1581 2705 sancti
1607 2652 1722 2708 irinicern
1748 2657 1895 2723 custodire,
1919 2668 1950 2713 et

331 2736 489 2790 munimime
502 2746 626 2802 ueterum,
641 2737 709 2804 sira,
725 2746 756 2792 ut
767 2736 942 2809 Septuaginta
959 2739 1104 2794 transtule·
1155 2735 1283 2790 concordi
1307 2735 1378 2791 inter
1396 2751 1445 2792 nos
1460 2738 1551 2794 virere
1575 2741 1717 2809 charitate,
1731 2749 1798 2815 arria
1812 2762 1905 2803 omnes
1919 2748 1947 2803 io

334 2832 410 2891 mab,
420 2825 448 2881 id
458 2834 510 2891 εει,
523 2841 583 2896 qnae
593 2826 669 2882 vobis
683 2842 731 2898 ρει
744 2829 831 2899 legem
843 2836 870 2884 et
884 2828 1031 2898 prophetas
1044 2844 1107 2900 pro-
1155 2822 1263 2880 Christo
1277 2823 1375 2881 iratres
1389 2842 1482 2884 snmus
1501 2844 1649 2901 omnesque
1668 2849 1722 2889 ιιιιο
1739 2837 1827 2907 pretio
1844 2836 1947 2895 Christi

335 2915 399 2970 ιιίεειι
412 2926 486 2973 ειιιιι.
502 2916 535 2971 Et
547 2927 635 2984 vetera
650 2927 772 2973 veterum
787 2934 866 2988 :qum
877 2933 925 2988 per
936 2919 1106 2989 patriarchas
1155 2917 1295 2986 sanguinis
1307 2918 1440 2989 redempti
1454 2934 1557 2977 sumus.
1572 2922 1719 2994 Sequitur:

336 3005 450 3063 incorum
463 3008 694 3064 benedictionibus
711 3009 843 3080 promisit.
866 3007 901 3063 dr
922 3019 1008 3063 vetera
1033 3009 1106 3063 nouis
1191 3004 1330 3078 Roranam
1343 3010 1638 3069 ataccasrambabemur
1648 3016 1783 3085 perfidam
1793 3019 1946 3090 ingratiam

337 3098 554 3167 ιιιριιιειιιειιιιιιιι
568 3100 722 3170 projiciatis.
744 3099 809 3166 Quae
823 3108 886 3154 sunt
910 3114 979 3155 nora
996 3117 1003 3153 :
1018 3099 1106 3155 Eran—
1155 3100 1234 3155 irtam
1249 3100 1276 3154 in
1288 3118 1340 3172 qun
1353 3114 1463 3182 aramus.
1480 3103 1549 3171 Quia
1564 3120 1612 3175 per
1630 3108 1783 3178 passionem
1808 3110 1908 3167 Christi
1920 3121 1950 3168 et

338 3185 403 3256 geliea
415 3188 537 3255 scilicet;
563 3205 625 3244 nam
642 3203 704 3244 cum
728 3190 847 3256 maxima
866 3190 921 3246 sint
938 3206 969 3245 aa
983 3206 1044 3260 qttae
1057 3206 1106 3262 ρει
1155 3201 1289 3257 ιιιοιιειιι,
1307 3201 1388 3261 atque
1409 3196 1637 3252 resurrectionem
1654 3206 1681 3253 ct
1708 3203 1892 3257 ascensionem
1920 3204 1948 3258 in

339 3278 500 3346 monarchas,
516 3279 601 3351 legem
619 3290 646 3335 et
664 3281 810 3351 prophetas
825 3281 942 3352 pollicita
967 3290 1041 3345 sunt,
1067 3291 1106 3336 ta·
1156 3283 1275 3339 humana
1291 3299 1374 3339 carne
1397 3286 1431 3340 ad
1453 3288 1536 3345 coelos
1551 3304 1600 3345 nos
1622 3305 1760 3346 accessum
1772 3293 1903 3350 habemus
1915 3295 1949 3350 ad

340 3381 386 3424 ιιειι
396 3373 624 3445 perhvangelium
640 3376 771 3446 promissa
786 3375 887 3446 majora
901 3384 980 3442 snnt;
996 3385 1105 3446 propter
1156 3375 1241 3430 Βεειιι
1260 3382 1287 3430 ει
1307 3376 1474 3433 reconciliati
1493 3394 1587 3435 sumus
1603 3380 1659 3437 lieo
1673 3381 1789 3440 lideliter
1801 3385 1827 3439 in
1853 3387 1949 3442 eadem

341 3465 498 3529 qoodhorum
513 3467 713 3537 comparatione
730 3467 775 3524 illa
798 3468 901 3524 anobis
917 3468 1051 3540 superflua
1060 3470 1105 3539 Ju-
1117 3451 1141 3515 C
1155 3480 1209 3536 qua
1236 3465 1367 3537 redempti
1385 3483 1478 3524 snmus
1492 3471 1578 3540 gratia
1600 3490 1606 3526 :
1621 3472 1644 3526 si
1671 3472 1697 3527 in
1712 3474 1791 3545 digna
1805 3490 1951 3532 eonversa-

341 3545 451 3609 danna.
466 3553 536 3610 Eece
554 3556 627 3610 anim
641 3556 969 3627 capitulumqnodtotam
993 3558 1105 3614 bencdi—
1157 3557 1231 3613 tioac
1254 3565 1282 3612 et
1306 3566 1379 3612 recta
1405 3558 1456 3614 irtio
1470 3563 1594 3632 cupimus
1619 3579 1788 3634 permanere.
1814 3567 1950 3635 Quoniam

342 3637 434 3698 ationem
455 3644 598 3700 mulirmat
619 3644 722 3700 iniert:
740 3646 767 3702 id
781 3654 832 3711 εει,
848 3662 908 3715 quae
924 3662 973 3717 ρει
986 3647 1107 3719 Evange·
1157 3661 1208 3701 nos
1228 3661 1322 3703 omnes
1346 3647 1391 3716 qrri
1407 3663 1515 3705 cramus
1537 3651 1613 3722 longe
1628 3668 1643 3706 a
1661 3655 1715 3709 beo
1733 3670 1782 3725 per
1801 3668 1950 3726 peccatum,

344 3726 391 3788 dom
402 3747 458 3792 acta
476 3747 540 3794 sunt
553 3749 580 3795 et
593 3739 761 3811 impletaper
773 3741 898 3809 gratiam,
917 3715 1011 3811 poium
1025 3741 1108 3795 taber·
1157 3751 1207 3806 ρει
1219 3736 1320 3793 Christi
1341 3740 1456 3809 gratiam
1470 3740 1534 3796 lacti
1549 3757 1642 3797 ειιιιιιιε
1653 3758 1737 3813 prope
1759 3763 1766 3799 ι
1789 3755 1817 3801 ει
1827 3747 1873 3815 qni
1887 3757 1952 3802 aute

343 3826 533 3883 ιιιιιιιιιηιειιιιι
544 3831 665 3885 inmedia
676 3832 767 3896 aterne
777 3830 818 3886 vel
829 3831 1106 3902 sicut,Septuaginta:
1155 3826 1289 3897 jacuimus
1302 3828 1329 3882 in
1347 3837 1443 3895 morte,
1460 3842 1531 3885 nune
1545 3831 1578 3885 ad
1594 3830 1729 3887 Christum
1752 3836 1836 3890 erecti
1857 3851 1951 3891 snrnns

342 3921 475 3975 aurianam
495 3931 677 3977 testamentum
694 3939 778 3977 meam
808 3925 953 3987 nobiscum,
976 3924 1046 3993 quod
1068 3931 1110 3979 est
1158 3925 1186 3972 et
1199 3924 1303 3973 stamus
1315 3918 1342 3972 iu
1357 3919 1422 3984 vita,
1435 3920 1457 3974 Si
1472 3920 1499 3974 i¹¹
1512 3924 1721 3993 biddebiisei'tts
1734 3939 1950 3994 permaneamus.

343 3998 381 4062 boa
391 4009 413 4064 in
423 4027 477 4080 quo
494 4012 714 4081 compromisit,
730 4013 807 4083 crrjns
822 4013 860 4069 sic
878 4013 1008 4084 propheta
1033 4012 1108 4069 lere·
1194 4007 1228 4061 Et
1239 4007 1385 4078 gloriamur
1397 4013 1425 4064 itt
1435 4027 1479 4082 ιρι
1495 4010 1586 4082 glorio
1600 4012 1717 4079 filioram
1733 4013 1790 4067 bai.
1806 4013 1874 4080 Quia
1890 4031 1953 4087 ερε-

343 4098 393 4155 nias
409 4101 565 4156 memoriam
585 4100 659 4165 lacit,
678 4111 702 4156 at
722 4102 957 4157 curratituarnrabir
972 4111 1110 4157 testamen·
1159 4117 1251 4175 ramus
1267 4118 1316 4171 per
1336 4104 1506 4174 adoptionem
1531 4105 1624 4173 gratiae
1645 4105 1691 4159 bei
1705 4106 1768 4175 quia
1788 4121 1882 4164 snmus
1896 4108 1953 4165 Deo

341 4196 381 4244 tau
393 4209 496 4259 rocam,
508 4209 560 4248 non
571 4194 713 4248 secundum
725 4202 907 4254 tastamentum
929 4193 998 4264 quod
1023 4194 1111 4264 dispo·
1159 4194 1187 4250 in
1202 4193 1271 4269 lilios
1284 4195 1448 4264 computati;
1463 4205 1593 4250 aeternam
1603 4194 1717 4266 gloriam
1732 4196 1811 4251 simui
1830 4213 1893 4254 eum
1919 4212 1955 4255 eo

338 4285 371 4339 rai
387 4288 502 4357 garritu
526 4289 627 4343 matria
656 4286 704 4343 llis
727 4288 799 4343 enim
819 4286 962 4357 cotrjnneta
985 4294 1058 4351 sunt,
1083 4293 1113 4366 ει
1160 4293 1188 4341 ει
1199 4286 1325 4341 omnibus
1337 4286 1439 4341 sanctis
1452 4283 1511 4354 ejus
1525 4301 1574 4342 nos
1586 4301 1783 4357 possessuros..

334 4390 384 4445 qnae
395 4390 544 4451 seanmtur
557 4380 685 4436 maxime.
703 4379 737 4435 Et
751 4398 802 4435 noa
815 4379 1008 4436 abominabitur
1022 4379 1111 4434 anima
1200 4375 1262 4431 Noa
1275 4374 1360 4430 solum
1373 4385 1472 4441 autem,
1485 4375 1530 4430 red
1544 4384 1569 4430 et
1581 4375 1727 4447 gloriamur
1737 4378 1766 4431 irr
1775 4376 1953 4435 tribulationi-

333 4484 382 4540 nea
392 4485 446 4525 aar.
457 4471 583 4526 Animam
596 4486 672 4527 snam
682 4469 924 4526 llensvolnntatem
938 4484 1014 4524 snam
1027 4468 1110 4524 dicit:
1161 4466 1217 4532 ιιιι,
1229 4466 1339 4520 scientes
1350 4466 1419 4536 quod
1436 4466 1571 4521 tribulatio
1585 4468 1738 4539 patientiam
1754 4480 1889 4540 operatur,
1905 4488 1955 4541 pa·

329 4553 467 4610 indeindc
481 4557 695 4611 intersererem
718 4566 799 4611 uester
820 4555 903 4620 Dour,
924 4570 1017 4626 namra
1039 4553 1111 4607 aritia
1161 4555 1251 4611 riantia
1264 4567 1351 4610 autem
1360 4556 1549 4627 probationem.
1563 4558 1610 4613 liei
1623 4574 1740 4629 namque
1753 4558 1846 4616 fideles
1862 4569 1890 4615 ει
1908 4560 1955 4615 dc-

325 4644 433 4717 popuiru
445 4663 527 4703 mear.
543 4646 644 4719 Aperte
657 4656 747 4702 antem
767 4647 849 4702 etiam
867 4646 954 4701 hmca
978 4644 1112 4714 Propheta
1161 4648 1217 4705 voti
1239 4648 1343 4715 iamnli,
1366 4665 1419 4705 non
1444 4650 1531 4706 solnm
1551 4651 1579 4705 in
1590 4665 1637 4720 spe
1651 4659 1760 4706 aeteruze
1779 4651 1954 4708 beatitudinis

323 4739 450 4810 predicta
469 4739 538 4795 sicut
562 4738 736 4811 Septuaginta
760 4738 843 4793 editio
868 4737 989 4793 continet
1012 4736 1119 4806 scripta¹
1163 4727 1321 4809 gloriantur,
1335 4739 1382 4794 scd
1403 4739 1486 4794 etiam
1499 4740 1526 4793 in
1538 4739 1723 4794 saluberrimis
1734 4739 1953 4796 tribulationibus

323 4835 396 4893 anat,
412 4828 537 4885 bicbeus
546 4838 637 4885 vester
649 4844 702 4885 non
715 4828 882 4898 reputabitur
895 4826 963 4882 alius
977 4826 1011 4881 ad
1036 4839 1109 4891 cnm,
1162 4826 1374 4898 magnitudinem
1384 4828 1487 4898 premii
1495 4826 1678 4892 considerant,
1688 4827 1758 4883 sicut
1767 4826 1883 4883 lacobus
1893 4826 1932 4883 ait
1944 4846 1951 4883 :

320 4919 442 4992 posthaee
456 4919 483 4975 io
497 4928 569 4975 terra
585 4920 658 4974 visus
673 4926 724 4986 est,
740 4928 767 4973 ει
784 4934 846 4974 cum
867 4917 1022 4975 hominihus
1045 4932 1111 4972 coo·
1162 4916 1245 4973 Ornne
1258 4917 1385 4988 gaudium
1397 4901 1553 4984 er'iatirnate,
1565 4917 1671 4987 iratres,
1686 4934 1746 4972 cam
1756 4920 1784 4974 in
1798 4904 1952 4976 tentationes
2006 4987 2008 4991 ¹

321 4996 447 5068 versatus
465 5019 517 5077 est,
540 5010 676 5082 qnodnon
703 5001 802 5081 egisset
817 5009 840 5064 si
857 5024 907 5063 nos
927 5015 1108 5063 aversaretur.
1160 5015 1188 5064 et
1199 5008 1385 5064 tribulationes
1399 5008 1543 5078 ιιιιίειριο
1553 5006 1654 5065 Christi
1668 5011 1776 5067 nomine
1792 5012 1950 5080 incideritis,

321 5104 382 5159 Non
394 5118 460 5173 argo
473 5118 522 5159 rios
537 5102 707 5157 abominatus
718 5109 769 5166 est,
794 5102 840 5155 scd
855 5109 882 5157 ct
898 5097 1065 5155 inambulare
1081 5098 1110 5154 in
1160 5099 1224 5169 qnia
1241 5098 1413 5154 adversitatis
1426 5100 1601 5167 sustinentia,
1620 5115 1681 5171 qnae
1700 5102 1730 5156 dt
1744 5113 1854 5174 propter
1866 5103 1952 5160 licum

320 5192 402 5250 nobis
419 5207 469 5261 per
487 5207 598 5248 earnem
619 5191 718 5258 soluit,
741 5199 768 5247 ct
784 5190 842 5246 lieri
859 5198 952 5244 noster
964 5189 1035 5244 bens
1049 5203 1110 5243 curn
1163 5206 1291 5262 magnum
1305 5188 1445 5261 eispactat
1471 5192 1599 5263 gaudium
1624 5193 1652 5249 in
1673 5193 1775 5260 lutum,
1801 5197 1873 5254 unde
1888 5214 1955 5271 gau-

320 5292 397 5339 assat
410 5292 438 5337 ει
448 5284 543 5355 prius:
560 5283 608 5339 sed
622 5283 727 5354 ignotus
748 5282 809 5353 quia
829 5296 879 5337 nos
895 5280 981 5336 errori
1000 5277 1113 5349 eonjun·
1163 5280 1227 5337 dere
1237 5282 1365 5338 debemus
1375 5282 1475 5352 aliquid
1489 5283 1545 5354 pati
1556 5299 1605 5354 pro
1614 5285 1723 5341 nomina
1737 5284 1784 5341 Dei
1799 5304 1806 5341 ε
1819 5296 1849 5342 ιιι
1861 5289 1956 5358 aequi·

320 5376 360 5433 etl
373 5389 482 5431 eramus
498 5394 505 5430 z
521 5383 614 5446 postea
633 5383 723 5429 antem
742 5388 791 5444 ρει
807 5374 923 5443 gratiam
937 5371 997 5442 ejus
1013 5386 1028 5425 a
1046 5387 1111 5442 ρεε-
1163 5386 1255 5427 ιειιιιιε
1268 5372 1301 5428 da
1316 5369 1489 5458 tribulatione
1502 5372 1618 5430 linenda
1641 5376 1782 5446 praemium
1808 5376 1952 5433 infinitum.

321 5465 393 5524 antis
403 5465 487 5521 abluti
499 5474 528 5522 ει
539 5465 618 5521 donis
629 5464 932 5520 eirtntnmabnndanter
947 5462 1042 5536 repleti
1052 5477 1114 5532 per·
1163 5460 1192 5518 ln
1217 5463 1434 5518 consideratione
1455 5463 1529 5519 enirn
1549 5466 1721 5535 praemiomm
1740 5468 1843 5524 nullum
1860 5483 1956 5538 possu-

321 5558 465 5614 veniemus
475 5557 670 5633 sempiternam
680 5554 714 5610 ad
733 5554 831 5612 lucem.
1164 5573 1224 5612 rnns
1236 5558 1397 5628 condignum
1416 5560 1552 5616 aestimare
1576 5559 1705 5615 laborem.
1730 5560 1866 5617 habemus
1882 5560 1955 5616 enim

1164 5650 1236 5720 qnod
1258 5641 1371 5706 honeste
1398 5651 1545 5722 gloriemur
1565 5666 1598 5707 ac
1618 5652 1679 5708 sine
1691 5708 1693 5711 ,
1707 5652 1836 5722 periculo.
1859 5650 1956 5723 hlagra

676 5789 785 5805 ...-
1164 5742 1236 5799 enim
1259 5743 1344 5815 gloria
1363 5752 1405 5799 εει
1417 5727 1450 5800 de
1473 5745 1535 5801 iniis
1547 5744 1581 5800 ad
1599 5758 1704 5800 summa
1716 5758 1850 5809 cresccre,
1861 5742 1898 5796 de
1913 5742 1955 5797 ni-

1165 5832 1220 5888 hilo
1235 5832 1269 5888 ad
1281 5832 1399 5887 maxima
1419 5833 1577 5903 peruenire3
1601 5833 1673 5903 quod
1684 5841 1713 5889 ει
1722 5832 1756 5888 dc
1766 5831 1830 5886 limo
1846 5829 1881 5886 ad
1895 5842 1953 5884 coe·

1165 5920 1221 5977 lnm
1235 5931 1262 5979 ει
1285 5923 1460 5979 deservitura
1483 5938 1612 5979 vocamur
1624 5922 1660 5979 ad
1670 5935 1783 5992 regnum
1794 5919 1838 5974 :si
1862 5925 1954 5974 tamen

359 6038 372 6068 ¹
389 6037 452 6103 liae,
465 6039 524 6096 loco
535 6039 564 6095 iu
585 6039 733 6110 exemplari
754 6054 804 6096 ms.
819 6047 954 6109 expuncta
974 6046 1034 6116 erat
1052 6036 1105 6104 illa⁴
1115 6035 1187 6091 Lxx
1203 6036 1382 6106 interpretum
1396 6036 1546 6093 translatio.
