4500 6842
351 761 405 820 idi
674 755 706 810 B.
726 751 854 809 uenere
875 747 985 805 linunt
1004 742 1163 802 decttter.
1182 740 1337 800 MOGUNT.
1356 738 1499 799 urrnutt
1514 738 1604 796 PARS
1621 738 1653 794 ll.
1940 737 1990 797 iffi

355 919 360 932 ‚
385 873 514 928 bamma
537 883 582 924 eor
601 881 706 923 serrare
720 866 809 921 arada
829 876 997 935 quererisque
1017 857 1141 913 mandavi
1154 864 1180 921 A
1194 857 1229 912 tis
1242 864 1411 912 crementum
1422 855 1622 925 pervenientes,
1634 867 1687 923 quo
1698 858 1803 922 possint
1815 852 1902 907 solido
1915 855 1991 909 uerbi
2048 931 2051 936 .

350 963 431 1020 robis
457 961 529 1018 Ordo
551 961 704 1031 praecipuus
724 957 807 1026 jussit
830 953 959 1025 apostolis
982 961 1012 1005 ut
1027 950 1144 1021 primum
1195 947 1257 1002 cibo
1270 945 1357 1011 relici,
1369 946 1396 1001 id
1409 955 1461 1012 est,
1476 960 1576 1000 areana
1590 956 1754 1014 cognoscere
1769 943 1876 1010 divina,
1894 952 1923 1000 et
1933 960 1993 1002 ma·

350 1057 478 1111 docerent
505 1052 644 1106 rudrersns
670 1058 780 1120 gentes,
806 1047 903 1102 deinde
927 1044 988 1099 fidei
1012 1045 1147 1113 tingerent
1192 1040 1254 1109 jera
1269 1040 1356 1096 lacere
1372 1041 1451 1096 bona.

352 1155 537 1208 sneturucuto,
560 1152 586 1196 ιι
601 1150 661 1212 prist
676 1142 755 1195 iidem
778 1155 810 1193 ac
822 1138 956 1207 baptisma
977 1151 1037 1204 quau
1055 1139 1147 1187 essent
1232 1133 1264 1188 Si
1271 1142 1357 1186 tantan
1367 1129 1626 1202 austerrirruumodo
1636 1129 1764 1185 dulcisest
1775 1131 1914 1187 Dantiutts.
1924 1132 1993 1200 line,

352 1237 520 1293 obseruanda
535 1235 723 1305 praeciperent.
741 1232 781 1289 ‚tt
799 1246 832 1285 nc
849 1238 975 1299 putemus
997 1226 1064 1281 leriu
1084 1239 1147 1281 esse
1196 1221 1298 1291 inqrrit,
1320 1229 1399 1290 pacto
1417 1221 1527 1275 dimissa
1544 1222 1787 1288 atqueemundnta
1803 1223 1993 1278 cordisvestri

353 1322 796 1398 qurcjusseruntetpancnmldit.
1197 1313 1299 1367 malitia
1325 1321 1354 1368 ct
1374 1312 1502 1381 spurcitia
1533 1311 1682 1380 spiritalem
1704 1311 1804 1367 Christi
1837 1315 1994 1370 alimoniam

390 1416 487 1471 Omnia
500 1431 660 1486 quacrnrqre
675 1413 797 1467 mandari
812 1410 893 1475 rabia,
908 1417 938 1463 ut
955 1408 1000 1477 qni
1024 1405 1147 1461 credide·
1198 1403 1392 1472 concupiscite,
1410 1402 1450 1457 sic
1464 1402 1560 1457 divinar
1574 1403 1724 1458 dulcedinis
1735 1413 1837 1472 qrrnntn
1852 1406 1887 1460 sit
1899 1408 1996 1462 multi·

356 1508 420 1572 riut,
433 1508 478 1577 qui
494 1508 521 1561 in
534 1506 666 1561 Triuitnte
680 1503 781 1559 luerint
791 1499 931 1571 baptizati,
944 1497 1034 1554 urrrnia
1046 1495 1148 1549 laciaut
1199 1494 1263 1548 tudo
1275 1492 1380 1562 sapitis.
1396 1491 1522 1562 Numqui
1536 1492 1602 1547 nibil
1617 1493 1650 1547 dc
1662 1509 1779 1562 superna
1793 1496 1927 1551 suauitate
1941 1513 1995 1569 gur·

355 1611 415 1667 qum
428 1604 562 1667 praecepta
580 1605 653 1648 sunt.
1198 1591 1253 1639 stat
1267 1584 1368 1648 animo,
1385 1599 1438 1639 non
1453 1593 1495 1638 est
1507 1584 1605 1638 mirum
1619 1585 1642 1639 si
1658 1585 1730 1639 bunc
1745 1587 1920 1642 terrestribus
1935 1588 1996 1643 ille-

391 1685 515 1757 Eccceao
531 1686 660 1740 valiscum
680 1699 737 1738 sum
753 1681 873 1736 omnibns
896 1678 996 1741 diebus,
1015 1693 1096 1747 arque
1114 1676 1149 1730 ad
1199 1675 1289 1731 cebris
1314 1674 1454 1730 sordidare
1468 1690 1522 1728 non
1543 1674 1637 1730 euitat.
1650 1675 1723 1732 Bene
1738 1686 1829 1732 autem
1850 1678 1995 1735 l‘mlrnista

354 1780 605 1835 consarcinationem
618 1778 718 1832 rtrcrdi.
734 1776 784 1844 Qui
797 1790 882 1845 usque
896 1774 929 1829 ad
939 1771 1150 1828 consummatio·
1198 1773 1307 1833 gustare
1320 1771 1411 1817 monet
1427 1779 1509 1831 qnam
1533 1762 1619 1820 duleis
1633 1765 1668 1819 sit
1689 1766 1839 1833 Dominus,
1851 1769 1914 1838 quia
1928 1785 1997 1825 trott-

357 1885 420 1926 rrem
428 1868 588 1926 merbrum
598 1861 1151 1937 discipulissclutumruessepremittit,ct
1199 1853 1264 1910 nulli
1275 1863 1339 1909 sunt
1351 1853 1397 1924 qui
1410 1869 1463 1909 nou
1475 1853 1500 1908 id
1521 1854 1554 1909 dc
1567 1854 1683 1910 bomine
1694 1857 1814 1912 sentiunt
1830 1861 1902 1927 quod
1916 1859 1996 1916 dulce

356 1961 417 2018 illes
429 1960 549 2016 ostendit
569 1973 676 2027 semper
689 1973 749 2014 esse
766 1957 906 2021 ricturos,
918 1964 946 2011 ιι
968 1969 997 2009 se
1012 1966 1150 2022 antiquam
1200 1944 1316 1999 interius
1330 1945 1448 2016 sapiant,
1461 1945 1509 2000 sed
1526 1947 1597 2016 quod
1611 1961 1754 2003 excussum
1769 1949 1883 2005 interius
1906 1961 1995 2017 spuet.

356 2052 562 2110 ,credemibus
580 2064 760 2107 recessurum,
782 2047 833 2116 Qui
854 2054 945 2101 aurem
967 2046 1002 2100 ap
1022 2057 1151 2099 consum.
1200 2030 1288 2101 Quict
1300 2034 1323 2088 si
1336 2042 1441 2090 secreta
1455 2036 1578 2105 qutudnm
1592 2036 1995 2109 intelligendopercipiunt,eo·

356 2145 505 2200 mationem
529 2141 622 2197 mnndi
648 2141 689 2196 sui
717 2139 888 2209 presentiam
911 2135 1069 2205 pollicetur,
1097 2148 1150 2188 non
1201 2140 1261 2179 rum
1277 2124 1446 2180 dulcedinem
1460 2127 1581 2196 experiri
1595 2143 1648 2182 uon
1672 2136 1796 2198 pessunt.
1812 2129 1846 2184 Et
1865 2131 1889 2185 si
1911 2147 1996 2188 nore-

356 2235 463 2306 ignorat
477 2248 543 2288 eane
561 2231 632 2289 diem
647 2232 674 2285 in
693 2244 746 2299 qua
768 2228 812 2285 dic
829 2242 859 2282 se
877 2227 929 2283 scit
943 2226 1063 2281 luiturum
1089 2239 1152 2279 cnm
1167 2204 1190 2265 Β
1204 2228 1268 2276 runt
1280 2221 1415 2291 quomodo
1433 2231 1504 2285 sunt,
1520 2222 1656 2292 ignorant,
1672 2230 1702 2277 ut
1715 2223 1786 2287 dixi,
1802 2227 1938 2295 quoruotlo
1952 2243 1996 2282 sa·

358 2326 499 2399 apostolis.
526 2323 667 2392 Quomodo
693 2322 772 2388 dixit,
796 2320 864 2374 Ecce
883 2336 929 2390 epa
944 2318 1074 2373 vobiscum
1093 2332 1151 2370 sarr
1202 2310 1290 2381 piunt.
1316 2310 1350 2365 Et
1376 2324 1429 2380 qrto
1456 2310 1575 2366 modain
1605 2313 1663 2382 ipso
1677 2313 1780 2385 psalmo
1799 2318 1833 2372 dc
1857 2332 1911 2387 quo
1924 2317 1996 2374 bunc

357 2434 439 2489 arque
465 2418 499 2471 ad
517 2414 765 2470 consummationem
779 2411 886 2476 recuii,·
901 2419 929 2465 et
946 2410 1044 2464 iterum
1066 2406 1153 2462 :Her
1202 2401 1366 2461 versiculum
1389 2403 1538 2473 assttmpsit
1551 2404 1721 2474 praemissum
1741 2415 1784 2462 est
1797 2421 1805 2461 ι
1820 2407 1942 2464 decedito
1961 2410 1996 2465 ad

357 2520 429 2573 eunt,
446 2509 550 2578 inquit,
569 2506 646 2562 rerba
666 2521 724 2559 mea
737 2520 796 2558 cnm
809 2502 895 2556 addae
908 2517 989 2555 errem
1004 2499 1152 2563 redimam,
1202 2510 1262 2550 curn
1277 2505 1301 2550 et
1313 2493 1517 2561 ttlrmtmmtne
1530 2503 1605 2551 recte
1615 2497 1714 2553 beatus
1729 2498 1825 2555 Petrus
1841 2500 1933 2556 subdit
1956 2502 1998 2557 di·

358 2602 412 2656 boc
422 2609 465 2654 ιιι
477 2612 538 2653 cum
550 2596 640 2656 adbuc
650 2593 774 2651 stortrdis
785 2607 874 2648 essem
886 2591 956 2645 sicut
970 2598 998 2645 et
1009 2589 1074 2644 rosi
1084 2585 1154 2643 Cum
1203 2601 1281 2644 ecnst

359 2690 413 2747 illis
425 2690 498 2745 enim
515 2696 575 2744 erat
587 2686 731 2757 praesentia
744 2683 877 2754 corperis,
889 2695 1016 2736 noncnm
1030 2678 1155 2734 illiserat
1238 2676 1281 2758 dd
1295 2694 1371 2749 qum
1392 2676 1541 2733 recedenter
1552 2677 1665 2749 lapidem
1687 2680 1772 2737 airam
1792 2682 1825 2737 ab
1847 2683 1997 2741 barriaibre

360 2777 516 2838 cutiditinne
532 2774 716 2832 mortalitatis.
732 2773 766 2828 Et
779 2772 859 2827 modo
874 2771 1015 2827 nobiscum
1027 2777 1070 2825 est
1083 2782 1153 2839 prae·
1203 2768 1309 2839 quidem
1322 2768 1505 2838 reprobatam,
1520 2784 1536 2822 ιι
1558 2767 1670 2824 liertiae
1685 2779 1772 2825 autent
1783 2770 1892 2826 electum
1904 2782 1930 2828 et
1945 2773 1997 2829 iro-

360 2868 448 2926 scntia
474 2864 642 2937 majestatis,
658 2872 687 2918 ιι
710 2861 851 2917 nobiscum
873 2876 927 2915 nort
948 2868 991 2915 est
1009 2857 1154 2929 praesentia
1204 2857 1383 2925 arridentem.
1397 2857 1432 2911 Et
1445 2858 1496 2913 bec
1510 2858 1544 2914 de
1564 2858 1654 2929 lapide
1667 2860 1850 2918 testimenium
1867 2864 1999 2922 sumitex

360 2958 492 3029 corporis.
507 2956 623 3011 istarum
636 2953 750 3008 duarum
764 2952 979 3008 insacrosancto
992 2950 1156 3022 baptismate
1203 2950 1319 3023 psalmo,
1337 2948 1383 3004 ubi
1398 2948 1584 3018 scriptumest
1601 2968 1607 3002 z
1627 2949 1753 3022 Lapidem
1774 2968 1850 3023 qaam
1872 2955 1998 3024 reprobe·

361 3048 393 3104 lit
406 3046 550 3104 cuncordia
574 3043 731 3100 lectionum.
752 3040 898 3113 apostotus
912 3041 984 3097 enirn
1002 3040 1068 3097 dicit
1090 3054 1099 3093 ι
1119 3038 1156 3093 Et
1205 3049 1297 3097 emunt
1323 3039 1500 3108 edificantes,
1527 3039 1570 3092 iric
1591 3039 1678 3109 lectur
1702 3050 1740 3096 eet
1760 3042 1787 3097 in
1802 3055 1879 3113 caput
1895 3043 1996 3116 anysii.

361 3136 512 3194 earrimilir
526 3135 619 3205 [arma
633 3132 720 3188 salros
734 3132 797 3202 facit
813 3133 958 3202 baptistam·
980 3130 1156 3204 Evangelium
1205 3130 1284 3200 Quod
1306 3146 1341 3186 ne
1361 3131 1424 3200 quis
1445 3129 1558 3187 ludaico
1573 3146 1653 3187 sensu
1678 3142 1786 3203 putarer
1804 3135 1838 3190 de
1864 3133 1999 3191 materiali

363 3230 403 3284 ait
418 3245 425 3281 ι
452 3226 546 3280 nocete
559 3240 646 3278 amnes
659 3234 757 3293 prater,
771 3223 931 3293 baptizantes
948 3238 992 3277 ear
1003 3223 1030 3275 in
1052 3222 1156 3276 tramine
1207 3222 1326 3293 lapidea
1343 3219 1477 3291 Propheta
1488 3230 1637 3288 cantatum,
1651 3223 1697 3291 qui
1710 3223 1737 3278 in
1749 3222 1929 3280 edificatione
1942 3234 1999 3280 ter-

364 3317 466 3382 Patrrr,
489 3326 515 3369 er
531 3313 604 3379 Filii,
625 3313 777 3384 etSpiritur
798 3313 892 3367 sancti.
910 3310 961 3377 Qui
973 3311 1112 3366 crediderit
1131 3319 1156 3366 et
1207 3328 1279 3369 rena
1306 3311 1449 3382 cujuslibet
1471 3314 1568 3368 demus
1595 3322 1689 3369 centra
1721 3315 1858 3370 betorinum
1882 3317 2000 3386 disposi-

365 3408 514 3479 baptiratur
524 3404 615 3475 fuerit,
629 3403 717 3459 saluae
734 3405 799 3470 erir,·
811 3403 854 3476 qui
868 3419 927 3458 aera
942 3418 994 3458 aaa
1017 3403 1157 3459 crediderit
1208 3407 1309 3464 tionem
1323 3408 1416 3464 divino
1425 3407 1529 3478 judicio
1542 3419 1751 3479 componeretur
1768 3410 1890 3467 consulte
1907 3412 2001 3479 addit,

363 3508 388 3554 el
403 3497 550 3568 baptizatur
563 3495 716 3566 coaluerit,
730 3495 759 3550 t'u
771 3505 896 3551 ammom
907 3493 1086 3551 damnabitur.
1209 3501 1314 3566 elusum
1326 3500 1360 3554 ad
1373 3515 1450 3571 quent
1460 3500 1622 3566 accedentes,
1637 3500 1761 3571 iuquiens
1771 3502 1884 3572 lapidem
1896 3502 2003 3570 dorm,

654 3605 794 3661 flofflffl
810 3605 869 3662 xv·
1210 3600 1241 3645 nt
1253 3589 1287 3646 de
1299 3588 1408 3647 Christe
1421 3590 1523 3646 dictum
1547 3591 1681 3661 signilleet
1693 3592 1739 3662 qui
1767 3600 1840 3648 recte
1858 3593 1928 3662 lapis
1950 3610 2002 3665 ap-

550 3692 669 3735 uenero
688 3692 714 3732 nt
733 3691 838 3733 neruus
857 3690 975 3733 resena.
1209 3682 1325 3753 peilatus
1335 3688 1387 3747 est,
1400 3681 1446 3751 qui
1460 3682 1581 3737 incarne
1595 3683 1706 3738 venicus
1715 3682 1886 3739 aedificationi
1900 3694 2005 3745 sancta

476 3768 576 3826 Lectio
588 3767 713 3837 Epistola
733 3767 805 3824 tenti
818 3765 893 3823 Petri
911 3766 1036 3838 apostoli,
1209 3773 1338 3829 Ecclesiae
1348 3773 1394 3843 qui
1407 3774 1475 3830 lrrrrc
1485 3777 1659 3830 conllrmaret
1672 3790 1732 3831 sese
1743 3776 1862 3833 inserere
1875 3776 2004 3847 alienatus

401 3861 567 3925 Clarissimi,
580 3860 737 3931 dcpoucrrtee
749 3874 850 3913 emnem
864 3857 1004 3923 ntalitiam,
1019 3867 1042 3912 et
1056 3873 1160 3914 amnem
1208 3871 1262 3919 est.
1277 3861 1360 3918 Vivus
1384 3874 1474 3918 autem
1489 3863 1534 3932 qui
1553 3863 1643 3919 dicere
1655 3864 1743 3933 potuit
1764 3881 1771 3918 :
1789 3864 1845 3936 Epa
1864 3881 1923 3920 eum
1937 3865 2002 3931 ria,

366 3952 467 4019 deluat,
482 3963 505 4006 et
526 3950 717 4015 rinrulationer,
732 3960 756 4004 et
770 3950 898 4015 inuidiae,
912 3958 935 4002 ct
949 3965 1037 4003 ontacr
1055 3949 1159 4003 detrac-
1210 3954 1305 4012 ceritas
1319 3964 1343 4007 et
1355 3954 1417 4008 uita.
1434 3953 1484 4021 Qrti
1494 3954 1528 4009 ab
1540 3953 1694 4010 bominibus
1708 3954 1868 4026 reprobaras
1880 3964 1922 4011 est
1938 3971 2004 4012 eum

365 4050 460 4106 tiones,
483 4045 550 4099 aient
571 4042 648 4097 arada
668 4042 748 4112 periti
769 4039 895 4111 innianter,
910 4040 1080 4105 rationabile,
1104 4041 1160 4095 sine
1210 4048 1334 4103 diceret:
1351 4044 1408 4117 Epo
1426 4054 1513 4099 autem
1527 4047 1681 4099 constitutur
1695 4062 1753 4099 sitm
1767 4061 1814 4101 ree
1825 4045 1858 4101 ab
1881 4064 1923 4112 ea,
1947 4055 2002 4104 cte.

366 4135 427 4190 dola
435 4134 476 4189 lac
487 4134 671 4204 concapiecite,
681 4141 709 4186 ιιι
720 4132 748 4185 in
758 4148 788 4186 ea
800 4132 921 4186 crescatis
931 4131 958 4184 iu
969 4129 1091 4195 cuiatem,
1104 4141 1159 4186 etc.
1210 4137 1244 4191 Et
1257 4135 1463 4199 bonoridcatus,
1475 4135 1602 4205 qnoniam
1615 4142 1676 4205 post
1696 4142 1811 4190 mortem
1825 4136 1916 4193 erneis
1932 4136 2004 4193 beer

403 4225 455 4292 eut
468 4225 555 4279 renati
565 4223 645 4287 estis,
657 4222 756 4291 inquit,
768 4235 854 4292 nuper
864 4229 892 4276 et
906 4220 952 4275 lilii
964 4220 1013 4275 liei
1026 4233 1076 4291 per
1094 4221 1161 4291 bap
1209 4227 1284 4282 illam
1295 4226 1428 4293 exaltarit,
1453 4233 1477 4280 et
1501 4224 1607 4280 donarit
1620 4223 1659 4280 illi
1672 4242 1766 4281 nomer
1784 4226 1854 4299 quod
1871 4237 1911 4282 eet
1924 4245 2005 4300 super
2035 4238 2044 4244 ’

369 4317 448 4370 timna
474 4313 538 4371 iacti
562 4312 631 4369 tales
653 4320 742 4369 estote
763 4313 842 4368 modo
867 4327 917 4383 pcr
940 4311 1059 4367 studium
1082 4310 1162 4366 Ιιιιιιι
1210 4333 1402 4383 emereamur,
1416 4323 1471 4372 etc.

368 4403 602 4467 conuersationis,
629 4401 724 4472 quales
746 4409 810 4457 sunt
831 4402 956 4456 recensiti
981 4400 1098 4457 infantes
1112 4415 1162 4471 per
1246 4407 1280 4462 Er
1299 4407 1350 4478 iper·
1373 4417 1499 4478 tanquam
1521 4407 1620 4476 lapidee
1643 4406 1692 4461 riri
1713 4407 1964 4479 ruperedificanrirri
1976 4410 2004 4465 irr

369 4504 493 4552 crateram
520 4494 637 4549 innoxie
659 4494 761 4557 atatis,
786 4491 873 4561 ignnri
896 4492 1007 4548 ntalitite
1030 4503 1058 4548 ct
1073 4493 1162 4548 ominis
1210 4501 1302 4555 domae
1323 4498 1464 4570 spiritales.
1486 4498 1739 4569 separadidcanriri
1758 4500 1819 4555 illos
1833 4502 1915 4567 dicit,
1940 4503 2004 4573 quia

369 4588 433 4653 rloli,
447 4585 585 4651 simulare,
603 4583 741 4647 invidere,
758 4584 919 4649 detrahere,
934 4582 995 4637 aliis
1009 4581 1162 4652 huiusmodi
1211 4584 1270 4646 sine
1282 4591 1396 4645 Domino
1408 4587 1473 4644 iesu
1488 4588 1607 4654 cbristo,
1621 4588 1710 4660 lapide
1720 4589 1824 4646 scilicet
1836 4591 1913 4659 rire,
1931 4593 2006 4650 attila

370 4679 444 4734 uitiis
458 4677 608 4747 mancipari
620 4674 782 4730 unrrtimodis
795 4674 960 4744 ignttrnntes.
973 4673 1025 4740 Qui
1038 4674 1108 4729 sicut
1119 4674 1162 4728 lae
1211 4680 1343 4751 spiritalis
1354 4679 1498 4735 aedisscncio
1511 4688 1584 4733 stare
1593 4688 1691 4749 potest„
1701 4679 1915 4737 Fundamentum
1931 4685 2006 4741 enim

369 4771 396 4825 in
410 4780 540 4825 arternum
555 4764 715 4822 naturaliter
724 4765 877 4821 desiderant
887 4765 956 4819 utad
967 4764 1081 4819 salutem
1091 4780 1163 4820 cres·
1211 4771 1283 4827 aliud
1302 4785 1383 4825 nemo
1394 4777 1485 4839 potest
1497 4784 1598 4838 ponere
1615 4778 1714 4840 praeter
1725 4771 1811 4841 ipsum
1825 4771 1903 4841 cuijus
1919 4775 2006 4844 parti·

369 4875 431 4916 cere
441 4899 448 4924 ,
459 4868 541 4928 atquc
553 4856 587 4910 ad
598 4871 694 4927 panem
710 4855 882 4912 consedentes
892 4856 1032 4925 pcrrcairc
1043 4856 1160 4920 valeant,
1174 4908 1200 4970 D
1212 4861 1347 4931 cipatione
1362 4859 1455 4915 lideles
1477 4858 1580 4930 lapides
1594 4859 1647 4914 riri
1661 4859 1823 4926 efficiuntur,
1839 4862 1887 4932 qrri
1901 4877 1952 4933 per
1964 4864 2007 4918 in·

367 4952 406 5005 ita
418 4956 445 5004 et
458 4964 505 5003 ros
518 4947 595 5016 simpl
601 4946 649 5001 icia
664 4946 882 5002 rudintcutalidei
894 4946 980 5016 primo
991 4946 1024 5003 de
1035 4946 1162 5002 Ecclesiae
1213 4950 1370 5006 lidelitatem
1395 4949 1498 5020 lapides
1521 4951 1620 5005 mortui
1645 4949 1770 5016 fuerant,
1783 4950 1843 5007 duri
1858 4952 1965 5009 scilieet
1978 4964 2008 5010 ιι

370 5038 467 5093 rrrntris
477 5035 608 5092 uberibus
621 5035 743 5104 qrraerite,
756 5035 807 5090 boc
820 5035 916 5101 est,dc
928 5035 1065 5104 utriusque
1077 5042 1161 5090 testa·
1213 5044 1385 5099 insensibiles
1407 5044 1504 5113 quihus
1527 5043 1625 5098 rnerito
1648 5043 1785 5098 diceretur
1806 5061 1814 5097 :
1836 5043 1966 5113 deferam
1988 5064 2007 5101 a

369 5131 454 5187 urenti
465 5129 620 5187 doctoribus
631 5127 677 5197 qui
687 5128 777 5184 divina
790 5127 895 5197 eloquia
909 5129 949 5183 rel
960 5130 1103 5198 scripsere,
1118 5129 1163 5183 rel
1212 5133 1283 5188 rabir
1297 5149 1343 5187 cer
1355 5131 1499 5203 lapideam,
1516 5143 1540 5186 et
1560 5132 1628 5186 deba
1642 5133 1712 5187 rabie
1726 5148 1771 5186 cer
1791 5149 1928 5188 carneum.
1952 5135 2007 5191 Sed

368 5224 450 5279 ctiam
462 5222 521 5275 riva
529 5236 595 5276 voce
605 5220 681 5275 robis
689 5219 836 5290 praedicant
845 5228 874 5273 ut
883 5220 950 5273 benc
961 5215 1089 5274 discerble
1099 5235 1163 5289 per·

368 5311 702 5370 veniatisadrclcctionem
710 5310 788 5381 panis
801 5311 854 5365 riri
867 5310 956 5380 quide
969 5311 1038 5367 eoelo
1048 5310 1162 5367 descen-

370 5407 419 5471 dit,
432 5406 483 5460 hee
494 5411 536 5460 cst
548 5418 596 5474 per
607 5412 777 5458 sacramenta
792 5400 938 5456 Donriuicae
963 5400 1159 5456 incarnationis

369 5498 467 5569 quibus
481 5496 567 5551 renati
582 5496 648 5551 estis
663 5507 691 5549 et
702 5494 802 5565 quibus
817 5493 973 5559 nutrimini,
993 5493 1159 5563 perveniatis

368 5589 402 5644 ad
416 5588 669 5659 contemplationem
684 5586 780 5641 divinae
795 5583 953 5649 majestatis.

404 5675 567 5733 naturabile
584 5715 592 5742 ,
605 5673 877 5747 inquirendarum
891 5673 932 5728 lac
946 5674 1117 5743 carreupircite
1129 5684 1159 5729 ιιι

366 5769 397 5823 in
413 5784 443 5822 ea
462 5768 584 5821 crescatis
600 5767 627 5821 in
641 5767 773 5831 salutem,
797 5776 932 5836 praecepto
951 5766 1159 5836 concupiscendi

369 5857 411 5913 lac
421 5858 497 5913 uerbi
509 5858 594 5928 tangit
606 5872 653 5913 eos
665 5858 711 5928 qui
721 5857 755 5912 ad
768 5857 916 5913 audiendas
928 5857 1057 5912 lectiones
1067 5870 1160 5912 sacras

369 5947 445 6001 iuriri
464 5955 492 6002 ct
521 5946 653 6002 fastidiosi
667 5946 829 6012 adveniunt,
855 5946 941 6016 ignari
966 5945 1039 6001 illius
1062 5945 1160 6001 sitisct

370 6036 469 6091 esuriei
493 6038 527 6093 de
540 6051 594 6108 otta
608 6036 738 6092 bominus
750 6036 812 6092 ait:
835 6035 910 6091 Eroti
929 6038 973 6107 qni
996 6036 1114 6091 esuriunt
1135 6043 1160 6090 et

369 6123 462 6181 sitiret
470 6126 614 6197 justitiam,
629 6127 743 6199 ideoque
758 6127 863 6184 tardius
874 6127 907 6182 ad
923 6125 1072 6199 perlectum
1087 6125 1161 6184 salu·

1213 5236 1342 5300 unquam
1359 5224 1462 5295 lapides
1470 5225 1524 5281 riri
1534 5227 1568 5280 ad
1580 5227 1701 5296 spiritale
1711 5225 1853 5280 aedificium
1864 5234 2007 5296 aptantur.

1212 5317 1259 5388 qul
1268 5329 1319 5388 per
1329 5316 1519 5373 discretionem
1534 5317 1632 5371 cruditi
1647 5316 1764 5371 doctoris
1778 5318 1927 5385 amputatis
1938 5322 2014 5376 aeti·

1212 5408 1263 5464 bus
1272 5414 1300 5463 et
1312 5408 1519 5479 cogitationibus
1528 5407 1670 5477 superfluis
1681 5408 1753 5463 velut
1768 5408 1822 5464 ictu
1835 5408 2015 5479 quatiuntur

1212 5498 1325 5563 securis,
1335 5505 1363 5550 ιι
1374 5498 1443 5551 sieut
1454 5497 1563 5551 ordines
1575 5497 1692 5567 lapidum
1705 5498 1731 5551 in
1746 5499 1849 5567 pariete
1859 5508 2015 5570 portantur

1212 5588 1256 5643 alii
1271 5590 1305 5644 ab
1318 5589 1388 5653 aliis,
1404 5589 1441 5643 ita
1453 5596 1595 5659 portamur
1606 5589 1699 5645 lidclcs
1710 5592 1810 5661 quique
1822 5607 1838 5646 a
1849 5593 2011 5661 praecedeu-

1212 5679 1284 5734 tibus
1298 5679 1325 5732 in
1347 5677 1467 5733 Ecclesia
1479 5677 1576 5746 justis;
1590 5688 1701 5750 portant
1725 5682 1775 5751 ipsi
1789 5691 1936 5752 mouentes
1958 5698 2013 5756 per

1212 5770 1363 5825 doctrinam
1377 5778 1405 5823 et
1418 5768 1588 5824 tolerantiam
1602 5771 1733 5840 usquead
1749 5771 1873 5826 ultinrnur
1887 5772 2010 5841 lustum,

1212 5862 1331 5932 quicum
1344 5876 1360 5914 a
1373 5860 1508 5932 prioribus
1525 5869 1647 5929 portetur
1662 5876 1743 5931 quern
1761 5871 1870 5931 portare
1884 5863 2009 5932 debeat,

1212 5952 1269 6023 ipse
1284 5959 1440 6021 meantem
1452 5966 1505 6006 non
1519 5951 1637 6006 babebit.
1653 5952 1704 6019 Qui
1718 5960 1808 6008 autem
1825 5967 1908 6008 enine
1922 5954 2012 6009 aediil·

1212 6041 1285 6097 cium
1299 6049 1399 6112 portat,
1413 6049 1441 6095 et
1455 6041 1512 6111 ipse
1521 6057 1538 6096 a
1547 6043 1655 6097 neruine
1667 6049 1800 6112 portatur,
1814 6041 1949 6098 martian
1966 6053 2011 6100 est

1213 6127 1348 6195 Cbrr'stus,
1362 6128 1433 6185 unde
1444 6135 1474 6186 et
1485 6130 1581 6199 lapisa
1596 6128 1730 6201 Propbera
1739 6129 1878 6201 pretiosus
1892 6139 2010 6188 roratur
