<?xml version="1.0" encoding="UTF-8"?>
<!DOCTYPE html PUBLIC "-//W3C//DTD XHTML 1.0 Transitional//EN"
    "http://www.w3.org/TR/xhtml1/DTD/xhtml1-transitional.dtd">
<html xmlns="http://www.w3.org/1999/xhtml" xml:lang="en" lang="en">
 <head>
  <title>
</title>
<meta http-equiv="Content-Type" content="text/html;charset=utf-8" />
  <meta name='ocr-system' content='tesseract 3.04.00' />
  <meta name='ocr-capabilities' content='ocr_page ocr_carea ocr_par ocr_line ocrx_word'/>
</head>
<body>
  <div class='ocr_page' id='page_1' title='image "./patrologiaecurs95unkngoog_0030.png"; bbox 0 0 4500 6842; ppageno 0'>
   <div class='ocr_carea' id='block_1_1' title="bbox 234 3852 1106 3920">
    <p class='ocr_par' dir='ltr' id='par_1_1' title="bbox 234 3852 1106 3920">
     <span class='ocr_line' id='line_1_1' title="bbox 234 3852 1106 3920; baseline 0 -11"><span class='ocrx_word' id='word_1_1' title='bbox 234 3897 242 3909; x_wconf 89' lang='lat'>.</span> <span class='ocrx_word' id='word_1_2' title='bbox 309 3869 375 3913; x_wconf 75' lang='lat' dir='ltr'>atus</span> <span class='ocrx_word' id='word_1_3' title='bbox 389 3873 397 3911; x_wconf 81' lang='grc' dir='ltr'><strong>ι</strong></span> <span class='ocrx_word' id='word_1_4' title='bbox 412 3870 536 3912; x_wconf 89' lang='lat' dir='ltr'>nosvasa</span> <span class='ocrx_word' id='word_1_5' title='bbox 547 3870 652 3920; x_wconf 85' lang='lat' dir='ltr'>sumus,</span> <span class='ocrx_word' id='word_1_6' title='bbox 667 3852 712 3909; x_wconf 90' lang='lat' dir='ltr'>ille</span> <span class='ocrx_word' id='word_1_7' title='bbox 730 3852 856 3917; x_wconf 79' lang='lat' dir='ltr'>ionsest3</span> <span class='ocrx_word' id='word_1_8' title='bbox 869 3852 916 3908; x_wconf 90' lang='lat' dir='ltr'>ille</span> <span class='ocrx_word' id='word_1_9' title='bbox 927 3860 1043 3916; x_wconf 90' lang='lat' dir='ltr'>creatur,</span> <span class='ocrx_word' id='word_1_10' title='bbox 1056 3867 1106 3909; x_wconf 89' lang='lat' dir='ltr'>nos</span> 
     </span>
    </p>
   </div>
   <div class='ocr_carea' id='block_1_2' title="bbox 312 723 1954 802">
    <p class='ocr_par' dir='ltr' id='par_1_2' title="bbox 312 723 1954 802">
     <span class='ocr_line' id='line_1_2' title="bbox 312 723 1954 802; baseline 0.013 -22"><span class='ocrx_word' id='word_1_11' title='bbox 312 734 343 792; x_wconf 70' lang='grc' dir='ltr'><strong>ιι</strong></span> <span class='ocrx_word' id='word_1_12' title='bbox 629 728 659 783; x_wconf 85' lang='lat' dir='ltr'>B.</span> <span class='ocrx_word' id='word_1_13' title='bbox 680 726 807 783; x_wconf 80' lang='lat' dir='ltr'>baoabl</span> <span class='ocrx_word' id='word_1_14' title='bbox 826 723 935 786; x_wconf 77' lang='lat' dir='ltr'>ltbbth</span> <span class='ocrx_word' id='word_1_15' title='bbox 954 726 1114 791; x_wconf 68' lang='lat' dir='ltr'>abablius.</span> <span class='ocrx_word' id='word_1_16' title='bbox 1135 728 1292 788; x_wconf 74' lang='lat' dir='ltr'>bochor.</span> <span class='ocrx_word' id='word_1_17' title='bbox 1311 732 1454 793; x_wconf 74' lang='lat' dir='ltr'>oebnbil</span> <span class='ocrx_word' id='word_1_18' title='bbox 1471 736 1561 794; x_wconf 76' lang='lat' dir='ltr'>iaus</span> <span class='ocrx_word' id='word_1_19' title='bbox 1579 737 1610 794; x_wconf 93' lang='lat' dir='ltr'>tl.</span> <span class='ocrx_word' id='word_1_20' title='bbox 1917 745 1954 802; x_wconf 79' lang='lat'>52</span> 
     </span>
    </p>
   </div>
   <div class='ocr_carea' id='block_1_3' title="bbox 302 808 1956 2739">
    <p class='ocr_par' dir='ltr' id='par_1_3' title="bbox 302 808 1956 2739">
     <span class='ocr_line' id='line_1_3' title="bbox 311 808 1953 927; baseline 0.009 -28"><span class='ocrx_word' id='word_1_21' title='bbox 311 842 447 916; x_wconf 68' lang='lat' dir='ltr'>antelamo</span> <span class='ocrx_word' id='word_1_22' title='bbox 465 841 555 899; x_wconf 87' lang='lat' dir='ltr'>devoti</span> <span class='ocrx_word' id='word_1_23' title='bbox 570 843 649 900; x_wconf 87' lang='lat' dir='ltr'>bonis</span> <span class='ocrx_word' id='word_1_24' title='bbox 661 842 789 913; x_wconf 76' lang='lat' dir='ltr'><strong>operibus</strong></span> <span class='ocrx_word' id='word_1_25' title='bbox 802 843 837 898; x_wconf 91' lang='lat' dir='ltr'>ad</span> <span class='ocrx_word' id='word_1_26' title='bbox 851 850 953 900; x_wconf 88' lang='lat' dir='ltr'>tantam</span> <span class='ocrx_word' id='word_1_27' title='bbox 965 841 1107 898; x_wconf 70' lang='lat' dir='ltr'>celnlrrita·</span> <span class='ocrx_word' id='word_1_28' title='bbox 1121 847 1146 904; x_wconf 83' lang='lat' dir='ltr'>lt</span> <span class='ocrx_word' id='word_1_29' title='bbox 1159 852 1188 899; x_wconf 88' lang='lat' dir='ltr'>et</span> <span class='ocrx_word' id='word_1_30' title='bbox 1206 845 1371 905; x_wconf 82' lang='lat' dir='ltr'>infidelitatis</span> <span class='ocrx_word' id='word_1_31' title='bbox 1389 849 1503 908; x_wconf 90' lang='lat' dir='ltr'>humore</span> <span class='ocrx_word' id='word_1_32' title='bbox 1527 851 1640 925; x_wconf 84' lang='lat' dir='ltr'>digesto,</span> <span class='ocrx_word' id='word_1_33' title='bbox 1653 854 1814 913; x_wconf 70' lang='lat' dir='ltr'><strong>adveniente</strong></span> <span class='ocrx_word' id='word_1_34' title='bbox 1831 808 1953 927; x_wconf 67' lang='lat' dir='ltr'>Christo,</span> 
     </span>
     <span class='ocr_line' id='line_1_4' title="bbox 313 934 1954 1020; baseline 0.007 -26"><span class='ocrx_word' id='word_1_35' title='bbox 313 947 368 998; x_wconf 83' lang='lat' dir='ltr'>teto</span> <span class='ocrx_word' id='word_1_36' title='bbox 388 950 419 992; x_wconf 86' lang='lat' dir='ltr'>so</span> <span class='ocrx_word' id='word_1_37' title='bbox 431 944 660 1007; x_wconf 73' lang='lat' dir='ltr'>praeparaverant,</span> <span class='ocrx_word' id='word_1_38' title='bbox 676 934 800 992; x_wconf 87' lang='lat' dir='ltr'>securius</span> <span class='ocrx_word' id='word_1_39' title='bbox 811 934 962 1007; x_wconf 84' lang='lat' dir='ltr'>gaudeaut;</span> <span class='ocrx_word' id='word_1_40' title='bbox 982 951 1028 1005; x_wconf 82' lang='lat' dir='ltr'>qur</span> <span class='ocrx_word' id='word_1_41' title='bbox 1042 950 1107 989; x_wconf 85' lang='lat' dir='ltr'>tero</span> <span class='ocrx_word' id='word_1_42' title='bbox 1159 935 1195 991; x_wconf 90' lang='lat' dir='ltr'>ab</span> <span class='ocrx_word' id='word_1_43' title='bbox 1208 936 1254 992; x_wconf 90' lang='lat' dir='ltr'>illo</span> <span class='ocrx_word' id='word_1_44' title='bbox 1266 938 1370 995; x_wconf 86' lang='lat' dir='ltr'>coelesti</span> <span class='ocrx_word' id='word_1_45' title='bbox 1386 940 1487 998; x_wconf 90' lang='lat' dir='ltr'>lumine</span> <span class='ocrx_word' id='word_1_46' title='bbox 1503 941 1634 999; x_wconf 70' lang='lat' dir='ltr'>maturari</span> <span class='ocrx_word' id='word_1_47' title='bbox 1648 956 1759 1014; x_wconf 88' lang='lat' dir='ltr'>possent</span> <span class='ocrx_word' id='word_1_48' title='bbox 1770 949 1860 1016; x_wconf 88' lang='lat' dir='ltr'>potius</span> <span class='ocrx_word' id='word_1_49' title='bbox 1871 965 1954 1020; x_wconf 74' lang='lat' dir='ltr'>optram</span> 
     </span>
     <span class='ocr_line' id='line_1_5' title="bbox 312 1023 1955 1105; baseline 0.007 -19"><span class='ocrx_word' id='word_1_50' title='bbox 312 1026 348 1090; x_wconf 78' lang='grc' dir='ltr'>ιιι</span> <span class='ocrx_word' id='word_1_51' title='bbox 370 1026 422 1084; x_wconf 86' lang='lat' dir='ltr'>hoc</span> <span class='ocrx_word' id='word_1_52' title='bbox 445 1023 597 1082; x_wconf 84' lang='lat' dir='ltr'>iaciendum</span> <span class='ocrx_word' id='word_1_53' title='bbox 618 1025 705 1096; x_wconf 90' lang='lat' dir='ltr'>rnagis</span> <span class='ocrx_word' id='word_1_54' title='bbox 717 1025 806 1082; x_wconf 90' lang='lat' dir='ltr'>adhuc</span> <span class='ocrx_word' id='word_1_55' title='bbox 818 1040 916 1096; x_wconf 77' lang='lat' dir='ltr'>segnes</span> <span class='ocrx_word' id='word_1_56' title='bbox 932 1028 1105 1091; x_wconf 71' lang='lat' dir='ltr'>exstiterant,</span> <span class='ocrx_word' id='word_1_57' title='bbox 1160 1027 1292 1097; x_wconf 83' lang='lat' dir='ltr'>torqueri.</span> <span class='ocrx_word' id='word_1_58' title='bbox 1314 1028 1391 1087; x_wconf 80' lang='lat' dir='ltr'>Sicut</span> <span class='ocrx_word' id='word_1_59' title='bbox 1407 1032 1480 1088; x_wconf 92' lang='lat' dir='ltr'>enirn</span> <span class='ocrx_word' id='word_1_60' title='bbox 1496 1033 1640 1105; x_wconf 75' lang='lat' dir='ltr'>lippientes</span> <span class='ocrx_word' id='word_1_61' title='bbox 1651 1036 1744 1091; x_wconf 86' lang='lat' dir='ltr'>oculos</span> <span class='ocrx_word' id='word_1_62' title='bbox 1759 1038 1792 1092; x_wconf 88' lang='lat' dir='ltr'>ad</span> <span class='ocrx_word' id='word_1_63' title='bbox 1806 1038 1955 1098; x_wconf 83' lang='lat' dir='ltr'>rirlendum</span> 
     </span>
     <span class='ocr_line' id='line_1_6' title="bbox 313 1115 1953 1199; baseline 0.01 -26"><span class='ocrx_word' id='word_1_64' title='bbox 313 1116 526 1182; x_wconf 81' lang='lat' dir='ltr'>miscricordiam</span> <span class='ocrx_word' id='word_1_65' title='bbox 542 1116 589 1173; x_wconf 82' lang='lat' dir='ltr'>liei</span> <span class='ocrx_word' id='word_1_66' title='bbox 603 1115 697 1171; x_wconf 85' lang='lat' dir='ltr'>saltem</span> <span class='ocrx_word' id='word_1_67' title='bbox 716 1132 788 1174; x_wconf 91' lang='lat' dir='ltr'>nune</span> <span class='ocrx_word' id='word_1_68' title='bbox 806 1116 1007 1188; x_wconf 84' lang='lat' dir='ltr'>cumlacrymis</span> <span class='ocrx_word' id='word_1_69' title='bbox 1019 1125 1048 1173; x_wconf 89' lang='lat' dir='ltr'>et</span> <span class='ocrx_word' id='word_1_70' title='bbox 1061 1132 1107 1189; x_wconf 89' lang='lat' dir='ltr'>ge·</span> <span class='ocrx_word' id='word_1_71' title='bbox 1158 1134 1291 1190; x_wconf 85' lang='lat' dir='ltr'>provocas</span> <span class='ocrx_word' id='word_1_72' title='bbox 1302 1122 1325 1177; x_wconf 89' lang='lat' dir='ltr'>si</span> <span class='ocrx_word' id='word_1_73' title='bbox 1337 1124 1464 1195; x_wconf 79' lang='lat' dir='ltr'>exiguum</span> <span class='ocrx_word' id='word_1_74' title='bbox 1475 1124 1646 1195; x_wconf 81' lang='lat' dir='ltr'>splendorem</span> <span class='ocrx_word' id='word_1_75' title='bbox 1658 1128 1775 1185; x_wconf 86' lang='lat' dir='ltr'>lucernae</span> <span class='ocrx_word' id='word_1_76' title='bbox 1790 1132 1953 1199; x_wconf 87' lang='lat' dir='ltr'>ostenderis,</span> 
     </span>
     <span class='ocr_line' id='line_1_7' title="bbox 313 1208 1953 1293; baseline 0.01 -29"><span class='ocrx_word' id='word_1_77' title='bbox 313 1208 382 1272; x_wconf 82' lang='lat' dir='ltr'>mittt</span> <span class='ocrx_word' id='word_1_78' title='bbox 401 1208 531 1264; x_wconf 84' lang='lat' dir='ltr'>intentius</span> <span class='ocrx_word' id='word_1_79' title='bbox 550 1217 687 1279; x_wconf 81' lang='lat' dir='ltr'>expetant,</span> <span class='ocrx_word' id='word_1_80' title='bbox 711 1217 741 1265; x_wconf 93' lang='lat' dir='ltr'>ut</span> <span class='ocrx_word' id='word_1_81' title='bbox 757 1209 855 1280; x_wconf 90' lang='lat' dir='ltr'>gaudio</span> <span class='ocrx_word' id='word_1_82' title='bbox 876 1216 1033 1266; x_wconf 84' lang='lat' dir='ltr'>sanctorum</span> <span class='ocrx_word' id='word_1_83' title='bbox 1044 1222 1108 1280; x_wconf 87' lang='lat' dir='ltr'>per-</span> <span class='ocrx_word' id='word_1_84' title='bbox 1159 1211 1316 1281; x_wconf 85' lang='lat' dir='ltr'>etamplius</span> <span class='ocrx_word' id='word_1_85' title='bbox 1330 1214 1437 1271; x_wconf 85' lang='lat' dir='ltr'>crucias</span> <span class='ocrx_word' id='word_1_86' title='bbox 1451 1215 1473 1271; x_wconf 89' lang='lat' dir='ltr'>si</span> <span class='ocrx_word' id='word_1_87' title='bbox 1489 1216 1718 1291; x_wconf 85' lang='lat' dir='ltr'>lumcnnragnum</span> <span class='ocrx_word' id='word_1_88' title='bbox 1740 1221 1898 1293; x_wconf 72' lang='lat' dir='ltr'>ingesseris,</span> <span class='ocrx_word' id='word_1_89' title='bbox 1915 1224 1953 1280; x_wconf 92' lang='lat' dir='ltr'>ita</span> 
     </span>
     <span class='ocr_line' id='line_1_8' title="bbox 313 1298 1954 1380; baseline 0.007 -22"><span class='ocrx_word' id='word_1_90' title='bbox 313 1298 385 1363; x_wconf 81' lang='lat' dir='ltr'>iecto</span> <span class='ocrx_word' id='word_1_91' title='bbox 397 1301 424 1355; x_wconf 92' lang='lat' dir='ltr'>in</span> <span class='ocrx_word' id='word_1_92' title='bbox 438 1309 568 1355; x_wconf 76' lang='lat' dir='ltr'>aternum</span> <span class='ocrx_word' id='word_1_93' title='bbox 581 1316 634 1356; x_wconf 93' lang='lat' dir='ltr'>uon</span> <span class='ocrx_word' id='word_1_94' title='bbox 646 1309 769 1356; x_wconf 80' lang='lat' dir='ltr'>careant.</span> <span class='ocrx_word' id='word_1_95' title='bbox 784 1299 906 1356; x_wconf 77' lang='lat' dir='ltr'>Natalem</span> <span class='ocrx_word' id='word_1_96' title='bbox 919 1315 1028 1371; x_wconf 82' lang='lat' dir='ltr'>queque</span> <span class='ocrx_word' id='word_1_97' title='bbox 1041 1315 1106 1356; x_wconf 83' lang='lat' dir='ltr'>san·</span> <span class='ocrx_word' id='word_1_98' title='bbox 1160 1298 1289 1358; x_wconf 77' lang='lat' dir='ltr'>Dominus</span> <span class='ocrx_word' id='word_1_99' title='bbox 1304 1312 1331 1359; x_wconf 89' lang='lat' dir='ltr'>et</span> <span class='ocrx_word' id='word_1_100' title='bbox 1343 1303 1470 1361; x_wconf 77' lang='lat' dir='ltr'>Salvator</span> <span class='ocrx_word' id='word_1_101' title='bbox 1486 1318 1590 1374; x_wconf 89' lang='lat' dir='ltr'>noster,</span> <span class='ocrx_word' id='word_1_102' title='bbox 1610 1311 1656 1380; x_wconf 85' lang='lat' dir='ltr'>qtri</span> <span class='ocrx_word' id='word_1_103' title='bbox 1677 1317 1719 1365; x_wconf 90' lang='lat' dir='ltr'>cst</span> <span class='ocrx_word' id='word_1_104' title='bbox 1736 1310 1826 1369; x_wconf 86' lang='lat' dir='ltr'>lonten</span> <span class='ocrx_word' id='word_1_105' title='bbox 1846 1330 1954 1378; x_wconf 89' lang='lat' dir='ltr'>verum,</span> 
     </span>
     <span class='ocr_line' id='line_1_9' title="bbox 312 1390 1956 1478; baseline 0.009 -29"><span class='ocrx_word' id='word_1_106' title='bbox 312 1392 471 1460; x_wconf 49' lang='lat' dir='ltr'>&amp;loannis</span> <span class='ocrx_word' id='word_1_107' title='bbox 483 1393 611 1466; x_wconf 76' lang='lat' dir='ltr'>Baptistae</span> <span class='ocrx_word' id='word_1_108' title='bbox 620 1392 713 1458; x_wconf 92' lang='lat' dir='ltr'>hodie,</span> <span class='ocrx_word' id='word_1_109' title='bbox 724 1391 832 1457; x_wconf 86' lang='lat' dir='ltr'>iratres,</span> <span class='ocrx_word' id='word_1_110' title='bbox 843 1390 1023 1459; x_wconf 87' lang='lat' dir='ltr'>celebramus,</span> <span class='ocrx_word' id='word_1_111' title='bbox 1034 1393 1107 1463; x_wconf 81' lang='lat' dir='ltr'>qood</span> <span class='ocrx_word' id='word_1_112' title='bbox 1158 1394 1210 1450; x_wconf 90' lang='lat' dir='ltr'>nisi</span> <span class='ocrx_word' id='word_1_113' title='bbox 1230 1396 1306 1466; x_wconf 86' lang='lat' dir='ltr'>prius</span> <span class='ocrx_word' id='word_1_114' title='bbox 1325 1398 1434 1454; x_wconf 89' lang='lat' dir='ltr'>beatum</span> <span class='ocrx_word' id='word_1_115' title='bbox 1452 1399 1584 1457; x_wconf 86' lang='lat' dir='ltr'>loannem</span> <span class='ocrx_word' id='word_1_116' title='bbox 1597 1402 1669 1458; x_wconf 87' lang='lat' dir='ltr'>velut</span> <span class='ocrx_word' id='word_1_117' title='bbox 1683 1406 1820 1460; x_wconf 89' lang='lat' dir='ltr'>lucernam</span> <span class='ocrx_word' id='word_1_118' title='bbox 1836 1409 1956 1478; x_wconf 79' lang='lat' dir='ltr'>praemit·</span> 
     </span>
     <span class='ocr_line' id='line_1_10' title="bbox 312 1486 1953 1561; baseline 0.007 -19"><span class='ocrx_word' id='word_1_119' title='bbox 312 1487 380 1552; x_wconf 81' lang='lat' dir='ltr'>poili</span> <span class='ocrx_word' id='word_1_120' title='bbox 393 1494 550 1544; x_wconf 90' lang='lat' dir='ltr'>sauctorum</span> <span class='ocrx_word' id='word_1_121' title='bbox 563 1501 682 1558; x_wconf 85' lang='lat' dir='ltr'>unquam</span> <span class='ocrx_word' id='word_1_122' title='bbox 698 1486 813 1557; x_wconf 89' lang='lat' dir='ltr'>legimus</span> <span class='ocrx_word' id='word_1_123' title='bbox 835 1486 918 1543; x_wconf 83' lang='lat' dir='ltr'>luisse</span> <span class='ocrx_word' id='word_1_124' title='bbox 935 1500 1104 1544; x_wconf 84' lang='lat' dir='ltr'>eoncessum.</span> <span class='ocrx_word' id='word_1_125' title='bbox 1160 1492 1240 1553; x_wconf 88' lang='lat' dir='ltr'>tcrst,</span> <span class='ocrx_word' id='word_1_126' title='bbox 1256 1487 1410 1544; x_wconf 85' lang='lat' dir='ltr'>claritatem</span> <span class='ocrx_word' id='word_1_127' title='bbox 1428 1490 1487 1561; x_wconf 75' lang='lat' dir='ltr'>elus</span> <span class='ocrx_word' id='word_1_128' title='bbox 1508 1501 1581 1549; x_wconf 89' lang='lat' dir='ltr'>totrrs</span> <span class='ocrx_word' id='word_1_129' title='bbox 1602 1494 1719 1550; x_wconf 90' lang='lat' dir='ltr'>mundus</span> <span class='ocrx_word' id='word_1_130' title='bbox 1743 1497 1877 1553; x_wconf 90' lang='lat' dir='ltr'>sustinere</span> <span class='ocrx_word' id='word_1_131' title='bbox 1900 1514 1953 1553; x_wconf 92' lang='lat' dir='ltr'>uon</span> 
     </span>
     <span class='ocr_line' id='line_1_11' title="bbox 312 1575 1952 1652; baseline 0.001 -14"><span class='ocrx_word' id='word_1_132' title='bbox 312 1576 486 1641; x_wconf 68' lang='lat' dir='ltr'>intimemus</span> <span class='ocrx_word' id='word_1_133' title='bbox 502 1577 608 1635; x_wconf 84' lang='lat' dir='ltr'>Domim</span> <span class='ocrx_word' id='word_1_134' title='bbox 626 1585 654 1633; x_wconf 92' lang='lat' dir='ltr'>ot</span> <span class='ocrx_word' id='word_1_135' title='bbox 666 1578 739 1634; x_wconf 86' lang='lat' dir='ltr'>beati</span> <span class='ocrx_word' id='word_1_136' title='bbox 757 1576 869 1633; x_wconf 81' lang='lat' dir='ltr'>loannis</span> <span class='ocrx_word' id='word_1_137' title='bbox 881 1577 939 1633; x_wconf 86' lang='lat' dir='ltr'>dies</span> <span class='ocrx_word' id='word_1_138' title='bbox 956 1577 1107 1634; x_wconf 86' lang='lat' dir='ltr'>nativitatis</span> <span class='ocrx_word' id='word_1_139' title='bbox 1158 1584 1259 1645; x_wconf 86' lang='lat' dir='ltr'>posset.</span> <span class='ocrx_word' id='word_1_140' title='bbox 1285 1575 1357 1649; x_wconf 75' lang='lat' dir='ltr'>Ergo</span> <span class='ocrx_word' id='word_1_141' title='bbox 1371 1578 1434 1648; x_wconf 83' lang='lat' dir='ltr'>qrria</span> <span class='ocrx_word' id='word_1_142' title='bbox 1456 1579 1565 1635; x_wconf 75' lang='lat' dir='ltr'>beatam</span> <span class='ocrx_word' id='word_1_143' title='bbox 1579 1595 1773 1652; x_wconf 85' lang='lat' dir='ltr'>praecursorem</span> <span class='ocrx_word' id='word_1_144' title='bbox 1790 1584 1895 1640; x_wconf 81' lang='lat' dir='ltr'>liomini</span> <span class='ocrx_word' id='word_1_145' title='bbox 1914 1588 1952 1641; x_wconf 89' lang='lat' dir='ltr'>lu·</span> 
     </span>
     <span class='ocr_line' id='line_1_12' title="bbox 312 1667 1952 1749; baseline 0.006 -23"><span class='ocrx_word' id='word_1_146' title='bbox 312 1669 343 1733; x_wconf 84' lang='lat' dir='ltr'>lu</span> <span class='ocrx_word' id='word_1_147' title='bbox 354 1669 480 1728; x_wconf 87' lang='lat' dir='ltr'>universo</span> <span class='ocrx_word' id='word_1_148' title='bbox 496 1670 597 1726; x_wconf 88' lang='lat' dir='ltr'>mundo</span> <span class='ocrx_word' id='word_1_149' title='bbox 607 1669 760 1725; x_wconf 84' lang='lat' dir='ltr'>celebratur</span> <span class='ocrx_word' id='word_1_150' title='bbox 776 1678 803 1723; x_wconf 87' lang='lat' dir='ltr'>ct</span> <span class='ocrx_word' id='word_1_151' title='bbox 818 1667 926 1735; x_wconf 92' lang='lat' dir='ltr'>colitur,</span> <span class='ocrx_word' id='word_1_152' title='bbox 943 1678 971 1724; x_wconf 93' lang='lat' dir='ltr'>et</span> <span class='ocrx_word' id='word_1_153' title='bbox 985 1669 1082 1724; x_wconf 91' lang='lat' dir='ltr'>merito</span> <span class='ocrx_word' id='word_1_154' title='bbox 1098 1687 1104 1723; x_wconf 94' lang='lat'>:</span> <span class='ocrx_word' id='word_1_155' title='bbox 1158 1683 1267 1723; x_wconf 88' lang='lat' dir='ltr'>cernant</span> <span class='ocrx_word' id='word_1_156' title='bbox 1279 1684 1340 1726; x_wconf 89' lang='lat' dir='ltr'>esse</span> <span class='ocrx_word' id='word_1_157' title='bbox 1352 1673 1529 1742; x_wconf 88' lang='lat' dir='ltr'>cognovimns</span> <span class='ocrx_word' id='word_1_158' title='bbox 1540 1716 1547 1736; x_wconf 91' lang='lat'>,</span> <span class='ocrx_word' id='word_1_159' title='bbox 1560 1677 1606 1744; x_wconf 81' lang='lat' dir='ltr'>qni</span> <span class='ocrx_word' id='word_1_160' title='bbox 1623 1691 1715 1731; x_wconf 89' lang='lat' dir='ltr'>veram</span> <span class='ocrx_word' id='word_1_161' title='bbox 1732 1678 1818 1735; x_wconf 90' lang='lat' dir='ltr'>lneem</span> <span class='ocrx_word' id='word_1_162' title='bbox 1832 1696 1952 1749; x_wconf 73' lang='lat' dir='ltr'>precur-</span> 
     </span>
     <span class='ocr_line' id='line_1_13' title="bbox 312 1758 1955 1838; baseline 0.005 -20"><span class='ocrx_word' id='word_1_163' title='bbox 312 1762 377 1838; x_wconf 73' lang='lat' dir='ltr'>qnia</span> <span class='ocrx_word' id='word_1_164' title='bbox 394 1769 509 1831; x_wconf 87' lang='lat' dir='ltr'>utraque</span> <span class='ocrx_word' id='word_1_165' title='bbox 528 1760 655 1816; x_wconf 84' lang='lat' dir='ltr'>nativitas</span> <span class='ocrx_word' id='word_1_166' title='bbox 673 1760 751 1829; x_wconf 93' lang='lat' dir='ltr'>plena</span> <span class='ocrx_word' id='word_1_167' title='bbox 768 1770 809 1815; x_wconf 92' lang='lat' dir='ltr'>est</span> <span class='ocrx_word' id='word_1_168' title='bbox 823 1760 959 1831; x_wconf 80' lang='lat' dir='ltr'>ruysterio.</span> <span class='ocrx_word' id='word_1_169' title='bbox 975 1758 1107 1816; x_wconf 81' lang='lat' dir='ltr'>loannem</span> <span class='ocrx_word' id='word_1_170' title='bbox 1158 1760 1244 1824; x_wconf 88' lang='lat' dir='ltr'>rebat,</span> <span class='ocrx_word' id='word_1_171' title='bbox 1256 1769 1284 1816; x_wconf 92' lang='lat' dir='ltr'>et</span> <span class='ocrx_word' id='word_1_172' title='bbox 1300 1762 1485 1819; x_wconf 89' lang='lat' dir='ltr'>testimouium</span> <span class='ocrx_word' id='word_1_173' title='bbox 1498 1766 1632 1835; x_wconf 90' lang='lat' dir='ltr'>perbibuit</span> <span class='ocrx_word' id='word_1_174' title='bbox 1646 1766 1680 1822; x_wconf 87' lang='lat' dir='ltr'>dc</span> <span class='ocrx_word' id='word_1_175' title='bbox 1694 1768 1806 1834; x_wconf 90' lang='lat' dir='ltr'>lumine,</span> <span class='ocrx_word' id='word_1_176' title='bbox 1819 1781 1847 1824; x_wconf 92' lang='lat' dir='ltr'>ut</span> <span class='ocrx_word' id='word_1_177' title='bbox 1858 1786 1955 1827; x_wconf 88' lang='lat' dir='ltr'>omncs</span> 
     </span>
     <span class='ocr_line' id='line_1_14' title="bbox 312 1850 1955 1925; baseline 0.005 -18"><span class='ocrx_word' id='word_1_178' title='bbox 312 1852 414 1918; x_wconf 72' lang='lat' dir='ltr'>sterilis</span> <span class='ocrx_word' id='word_1_179' title='bbox 432 1852 547 1925; x_wconf 88' lang='lat' dir='ltr'>peperit,</span> <span class='ocrx_word' id='word_1_180' title='bbox 568 1851 707 1909; x_wconf 82' lang='lat' dir='ltr'>Christum</span> <span class='ocrx_word' id='word_1_181' title='bbox 721 1850 804 1921; x_wconf 80' lang='lat' dir='ltr'>Virgo</span> <span class='ocrx_word' id='word_1_182' title='bbox 818 1852 956 1920; x_wconf 64' lang='lat' dir='ltr'>contemtu</span> <span class='ocrx_word' id='word_1_183' title='bbox 974 1851 1000 1905; x_wconf 92' lang='lat' dir='ltr'>in</span> <span class='ocrx_word' id='word_1_184' title='bbox 1021 1851 1108 1906; x_wconf 85' lang='lat' dir='ltr'>Elisa·</span> <span class='ocrx_word' id='word_1_185' title='bbox 1157 1851 1299 1907; x_wconf 81' lang='lat' dir='ltr'>crederent</span> <span class='ocrx_word' id='word_1_186' title='bbox 1312 1867 1360 1923; x_wconf 90' lang='lat' dir='ltr'>per</span> <span class='ocrx_word' id='word_1_187' title='bbox 1374 1854 1450 1908; x_wconf 89' lang='lat' dir='ltr'>illum</span> <span class='ocrx_word' id='word_1_188' title='bbox 1471 1874 1478 1910; x_wconf 73' lang='grc' dir='ltr'><strong>ι</strong></span> <span class='ocrx_word' id='word_1_189' title='bbox 1502 1871 1647 1912; x_wconf 88' lang='lat' dir='ltr'>curramus</span> <span class='ocrx_word' id='word_1_190' title='bbox 1666 1858 1698 1912; x_wconf 88' lang='lat' dir='ltr'>arl</span> <span class='ocrx_word' id='word_1_191' title='bbox 1717 1874 1794 1922; x_wconf 91' lang='lat' dir='ltr'>cum,</span> <span class='ocrx_word' id='word_1_192' title='bbox 1811 1860 1955 1917; x_wconf 88' lang='lat' dir='ltr'>audiamus</span> 
     </span>
     <span class='ocr_line' id='line_1_15' title="bbox 312 1940 1953 2016; baseline 0.003 -17"><span class='ocrx_word' id='word_1_193' title='bbox 312 1944 378 2005; x_wconf 81' lang='lat' dir='ltr'>heth</span> <span class='ocrx_word' id='word_1_194' title='bbox 392 1942 521 1999; x_wconf 86' lang='lat' dir='ltr'>sterilitas</span> <span class='ocrx_word' id='word_1_195' title='bbox 535 1942 663 2007; x_wconf 85' lang='lat' dir='ltr'>vincitur,</span> <span class='ocrx_word' id='word_1_196' title='bbox 686 1942 713 1996; x_wconf 92' lang='lat' dir='ltr'>in</span> <span class='ocrx_word' id='word_1_197' title='bbox 725 1942 803 1996; x_wconf 87' lang='lat' dir='ltr'>beata</span> <span class='ocrx_word' id='word_1_198' title='bbox 821 1940 905 1998; x_wconf 85' lang='lat' dir='ltr'>ltarta</span> <span class='ocrx_word' id='word_1_199' title='bbox 924 1941 1108 2010; x_wconf 77' lang='lat' dir='ltr'>conceptionis</span> <span class='ocrx_word' id='word_1_200' title='bbox 1157 1941 1223 2010; x_wconf 79' lang='lat' dir='ltr'>otrid</span> <span class='ocrx_word' id='word_1_201' title='bbox 1239 1951 1359 2000; x_wconf 89' lang='lat' dir='ltr'>resonet.</span> <span class='ocrx_word' id='word_1_202' title='bbox 1374 1944 1433 2015; x_wconf 88' lang='lat' dir='ltr'>lpse</span> <span class='ocrx_word' id='word_1_203' title='bbox 1446 1946 1556 2016; x_wconf 87' lang='lat' dir='ltr'>quidem</span> <span class='ocrx_word' id='word_1_204' title='bbox 1573 1962 1626 2002; x_wconf 87' lang='lat' dir='ltr'>vox</span> <span class='ocrx_word' id='word_1_205' title='bbox 1642 1957 1695 2014; x_wconf 90' lang='lat' dir='ltr'>est,</span> <span class='ocrx_word' id='word_1_206' title='bbox 1711 1950 1779 2005; x_wconf 90' lang='lat' dir='ltr'>sicut</span> <span class='ocrx_word' id='word_1_207' title='bbox 1793 1950 1856 2005; x_wconf 87' lang='lat' dir='ltr'>dicit</span> <span class='ocrx_word' id='word_1_208' title='bbox 1871 1952 1953 2007; x_wconf 88' lang='lat' dir='ltr'>lsams</span> 
     </span>
     <span class='ocr_line' id='line_1_16' title="bbox 312 2031 1953 2107; baseline 0.004 -17"><span class='ocrx_word' id='word_1_209' title='bbox 312 2033 479 2094; x_wconf 80' lang='lat' dir='ltr'>cousuetudo</span> <span class='ocrx_word' id='word_1_210' title='bbox 493 2040 629 2096; x_wconf 86' lang='lat' dir='ltr'>mutatur;</span> <span class='ocrx_word' id='word_1_211' title='bbox 655 2031 794 2088; x_wconf 76' lang='lat' dir='ltr'>Elisabeth</span> <span class='ocrx_word' id='word_1_212' title='bbox 814 2032 902 2085; x_wconf 89' lang='lat' dir='ltr'>virum</span> <span class='ocrx_word' id='word_1_213' title='bbox 918 2034 1108 2102; x_wconf 68' lang='lat' dir='ltr'>cognoscendo</span> <span class='ocrx_word' id='word_1_214' title='bbox 1158 2034 1309 2104; x_wconf 78' lang='lat' dir='ltr'>propheta:</span> <span class='ocrx_word' id='word_1_215' title='bbox 1326 2034 1531 2093; x_wconf 70' lang='lat' dir='ltr'>Voccinutnatis</span> <span class='ocrx_word' id='word_1_216' title='bbox 1545 2039 1572 2094; x_wconf 85' lang='lat' dir='ltr'>in</span> <span class='ocrx_word' id='word_1_217' title='bbox 1584 2043 1697 2107; x_wconf 81' lang='lat' dir='ltr'>deserto,</span> <span class='ocrx_word' id='word_1_218' title='bbox 1714 2039 1811 2096; x_wconf 83' lang='lat' dir='ltr'>Parate</span> <span class='ocrx_word' id='word_1_219' title='bbox 1824 2044 1892 2096; x_wconf 80' lang='lat' dir='ltr'>aiom</span> <span class='ocrx_word' id='word_1_220' title='bbox 1902 2043 1953 2097; x_wconf 83' lang='lat' dir='ltr'>llo·</span> 
     </span>
     <span class='ocr_line' id='line_1_17' title="bbox 311 2122 1953 2204; baseline 0.007 -24"><span class='ocrx_word' id='word_1_221' title='bbox 311 2123 397 2188; x_wconf 77' lang='lat' dir='ltr'>illium</span> <span class='ocrx_word' id='word_1_222' title='bbox 410 2124 518 2196; x_wconf 85' lang='lat' dir='ltr'>genuit,</span> <span class='ocrx_word' id='word_1_223' title='bbox 532 2123 615 2178; x_wconf 87' lang='lat' dir='ltr'>llaria</span> <span class='ocrx_word' id='word_1_224' title='bbox 636 2122 731 2195; x_wconf 89' lang='lat' dir='ltr'>angelo</span> <span class='ocrx_word' id='word_1_225' title='bbox 751 2123 866 2179; x_wconf 81' lang='lat' dir='ltr'>credidit</span> <span class='ocrx_word' id='word_1_226' title='bbox 878 2133 905 2179; x_wconf 90' lang='lat' dir='ltr'>et</span> <span class='ocrx_word' id='word_1_227' title='bbox 919 2125 1041 2194; x_wconf 63' lang='lat' dir='ltr'>contrepit</span> <span class='ocrx_word' id='word_1_228' title='bbox 1057 2125 1108 2179; x_wconf 93' lang='lat' dir='ltr'>bo-</span> <span class='ocrx_word' id='word_1_229' title='bbox 1158 2126 1331 2190; x_wconf 70' lang='lat' dir='ltr'>misissetne</span> <span class='ocrx_word' id='word_1_230' title='bbox 1346 2128 1425 2199; x_wconf 79' lang='lat' dir='ltr'>[acite</span> <span class='ocrx_word' id='word_1_231' title='bbox 1434 2130 1541 2186; x_wconf 81' lang='lat' dir='ltr'>semitas</span> <span class='ocrx_word' id='word_1_232' title='bbox 1554 2132 1622 2202; x_wconf 77' lang='lat' dir='ltr'>ejus.</span> <span class='ocrx_word' id='word_1_233' title='bbox 1638 2128 1730 2187; x_wconf 84' lang='lat' dir='ltr'>Omnia</span> <span class='ocrx_word' id='word_1_234' title='bbox 1743 2132 1818 2188; x_wconf 81' lang='lat' dir='ltr'>collis</span> <span class='ocrx_word' id='word_1_235' title='bbox 1833 2134 1953 2204; x_wconf 83' lang='lat' dir='ltr'>implebi-</span> 
     </span>
     <span class='ocr_line' id='line_1_18' title="bbox 302 2197 1954 2291; baseline 0.002 -13"><span class='ocrx_word' id='word_1_236' title='bbox 302 2215 430 2282; x_wconf 63' lang='lat' dir='ltr'>,iiiittem3</span> <span class='ocrx_word' id='word_1_237' title='bbox 444 2216 567 2286; x_wconf 85' lang='lat' dir='ltr'>concepit</span> <span class='ocrx_word' id='word_1_238' title='bbox 580 2213 716 2269; x_wconf 76' lang='lat' dir='ltr'>Elisabeth</span> <span class='ocrx_word' id='word_1_239' title='bbox 735 2214 880 2277; x_wconf 84' lang='lat' dir='ltr'>lutmincru,</span> <span class='ocrx_word' id='word_1_240' title='bbox 897 2214 945 2269; x_wconf 81' lang='lat' dir='ltr'>seri</span> <span class='ocrx_word' id='word_1_241' title='bbox 959 2214 1044 2269; x_wconf 89' lang='lat' dir='ltr'>solunt</span> <span class='ocrx_word' id='word_1_242' title='bbox 1059 2215 1107 2270; x_wconf 91' lang='lat' dir='ltr'>ho·</span> <span class='ocrx_word' id='word_1_243' title='bbox 1123 2197 1203 2270; x_wconf 80' lang='lat' dir='ltr'>Btar</span> <span class='ocrx_word' id='word_1_244' title='bbox 1221 2227 1246 2272; x_wconf 88' lang='lat' dir='ltr'>et</span> <span class='ocrx_word' id='word_1_245' title='bbox 1266 2221 1350 2274; x_wconf 86' lang='lat' dir='ltr'>omnir</span> <span class='ocrx_word' id='word_1_246' title='bbox 1372 2238 1447 2276; x_wconf 81' lang='lat' dir='ltr'>anons</span> <span class='ocrx_word' id='word_1_247' title='bbox 1467 2231 1491 2276; x_wconf 83' lang='lat' dir='ltr'>et</span> <span class='ocrx_word' id='word_1_248' title='bbox 1511 2221 1586 2277; x_wconf 81' lang='lat' dir='ltr'>collis</span> <span class='ocrx_word' id='word_1_249' title='bbox 1607 2223 1809 2291; x_wconf 81' lang='lat' dir='ltr'>iinmiliobitrrr,</span> <span class='ocrx_word' id='word_1_250' title='bbox 1833 2236 1857 2281; x_wconf 88' lang='lat' dir='ltr'>et</span> <span class='ocrx_word' id='word_1_251' title='bbox 1877 2240 1954 2281; x_wconf 84' lang='lat' dir='ltr'>erunt</span> 
     </span>
     <span class='ocr_line' id='line_1_19' title="bbox 312 2302 1955 2384; baseline 0.007 -24"><span class='ocrx_word' id='word_1_252' title='bbox 312 2303 428 2369; x_wconf 80' lang='lat' dir='ltr'>aninam,</span> <span class='ocrx_word' id='word_1_253' title='bbox 442 2303 527 2358; x_wconf 85' lang='lat' dir='ltr'>ilaria</span> <span class='ocrx_word' id='word_1_254' title='bbox 539 2319 603 2360; x_wconf 86' lang='lat' dir='ltr'>varo</span> <span class='ocrx_word' id='word_1_255' title='bbox 620 2302 707 2359; x_wconf 83' lang='lat' dir='ltr'>[luunt</span> <span class='ocrx_word' id='word_1_256' title='bbox 722 2312 750 2358; x_wconf 88' lang='lat' dir='ltr'>et</span> <span class='ocrx_word' id='word_1_257' title='bbox 768 2303 915 2359; x_wconf 86' lang='lat' dir='ltr'>bominem.</span> <span class='ocrx_word' id='word_1_258' title='bbox 931 2303 1043 2376; x_wconf 79' lang='lat' dir='ltr'>Magnus</span> <span class='ocrx_word' id='word_1_259' title='bbox 1059 2305 1108 2375; x_wconf 90' lang='lat' dir='ltr'>igi-</span> <span class='ocrx_word' id='word_1_260' title='bbox 1157 2324 1238 2377; x_wconf 82' lang='lat' dir='ltr'>prora</span> <span class='ocrx_word' id='word_1_261' title='bbox 1260 2310 1287 2364; x_wconf 89' lang='lat' dir='ltr'>br</span> <span class='ocrx_word' id='word_1_262' title='bbox 1301 2311 1420 2378; x_wconf 82' lang='lat' dir='ltr'>directo,</span> <span class='ocrx_word' id='word_1_263' title='bbox 1436 2321 1460 2367; x_wconf 89' lang='lat' dir='ltr'>et</span> <span class='ocrx_word' id='word_1_264' title='bbox 1475 2329 1569 2384; x_wconf 83' lang='lat' dir='ltr'>aspero</span> <span class='ocrx_word' id='word_1_265' title='bbox 1583 2315 1611 2369; x_wconf 87' lang='lat' dir='ltr'>in</span> <span class='ocrx_word' id='word_1_266' title='bbox 1623 2314 1678 2369; x_wconf 70' lang='lat' dir='ltr'>mos</span> <span class='ocrx_word' id='word_1_267' title='bbox 1693 2314 1803 2384; x_wconf 85' lang='lat' dir='ltr'>pinnas,</span> <span class='ocrx_word' id='word_1_268' title='bbox 1820 2326 1844 2371; x_wconf 87' lang='lat' dir='ltr'>et</span> <span class='ocrx_word' id='word_1_269' title='bbox 1862 2317 1955 2373; x_wconf 83' lang='lat' dir='ltr'>ridebit</span> 
     </span>
     <span class='ocr_line' id='line_1_20' title="bbox 310 2392 1954 2481; baseline 0.009 -33"><span class='ocrx_word' id='word_1_270' title='bbox 310 2400 359 2455; x_wconf 80' lang='lat' dir='ltr'>tur</span> <span class='ocrx_word' id='word_1_271' title='bbox 371 2392 501 2460; x_wconf 77' lang='lat' dir='ltr'>ioannes,</span> <span class='ocrx_word' id='word_1_272' title='bbox 516 2394 592 2464; x_wconf 78' lang='lat' dir='ltr'>cirins</span> <span class='ocrx_word' id='word_1_273' title='bbox 603 2392 781 2465; x_wconf 79' lang='lat' dir='ltr'>magnitudini</span> <span class='ocrx_word' id='word_1_274' title='bbox 796 2394 878 2450; x_wconf 89' lang='lat' dir='ltr'>etiam</span> <span class='ocrx_word' id='word_1_275' title='bbox 893 2394 1017 2450; x_wconf 81' lang='lat' dir='ltr'>Salvator</span> <span class='ocrx_word' id='word_1_276' title='bbox 1029 2397 1106 2452; x_wconf 86' lang='lat' dir='ltr'>testi·</span> <span class='ocrx_word' id='word_1_277' title='bbox 1159 2398 1242 2453; x_wconf 84' lang='lat' dir='ltr'>omnis</span> <span class='ocrx_word' id='word_1_278' title='bbox 1256 2416 1319 2455; x_wconf 86' lang='lat' dir='ltr'>coro</span> <span class='ocrx_word' id='word_1_279' title='bbox 1329 2401 1447 2457; x_wconf 79' lang='lat' dir='ltr'>solutore</span> <span class='ocrx_word' id='word_1_280' title='bbox 1462 2402 1508 2459; x_wconf 80' lang='lat' dir='ltr'>bet</span> <span class='ocrx_word' id='word_1_281' title='bbox 1523 2404 1591 2459; x_wconf 73' lang='lat' dir='ltr'>llio.</span> <span class='ocrx_word' id='word_1_282' title='bbox 1606 2404 1663 2475; x_wconf 86' lang='grc' dir='ltr'><strong>ιι).</strong></span> <span class='ocrx_word' id='word_1_283' title='bbox 1683 2404 1870 2481; x_wconf 82' lang='lat' dir='ltr'>Praeparernus</span> <span class='ocrx_word' id='word_1_284' title='bbox 1883 2423 1954 2480; x_wconf 80' lang='lat' dir='ltr'>quo·</span> 
     </span>
     <span class='ocr_line' id='line_1_21' title="bbox 313 2483 1953 2565; baseline 0.008 -25"><span class='ocrx_word' id='word_1_285' title='bbox 313 2484 435 2552; x_wconf 78' lang='lat' dir='ltr'>monium</span> <span class='ocrx_word' id='word_1_286' title='bbox 451 2485 575 2555; x_wconf 84' lang='lat' dir='ltr'>perhibet</span> <span class='ocrx_word' id='word_1_287' title='bbox 595 2484 711 2541; x_wconf 84' lang='lat' dir='ltr'>dioons:</span> <span class='ocrx_word' id='word_1_288' title='bbox 734 2483 796 2539; x_wconf 78' lang='lat' dir='ltr'>Non</span> <span class='ocrx_word' id='word_1_289' title='bbox 809 2486 922 2540; x_wconf 77' lang='lat' dir='ltr'>surrexit</span> <span class='ocrx_word' id='word_1_290' title='bbox 944 2487 1107 2543; x_wconf 79' lang='lat' dir='ltr'>internatas</span> <span class='ocrx_word' id='word_1_291' title='bbox 1157 2503 1210 2559; x_wconf 80' lang='lat' dir='ltr'>que</span> <span class='ocrx_word' id='word_1_292' title='bbox 1223 2497 1251 2545; x_wconf 91' lang='lat' dir='ltr'>et</span> <span class='ocrx_word' id='word_1_293' title='bbox 1265 2507 1315 2547; x_wconf 89' lang='lat' dir='ltr'>nos</span> <span class='ocrx_word' id='word_1_294' title='bbox 1334 2493 1406 2549; x_wconf 89' lang='lat' dir='ltr'>viam</span> <span class='ocrx_word' id='word_1_295' title='bbox 1425 2495 1539 2551; x_wconf 79' lang='lat' dir='ltr'>bomine</span> <span class='ocrx_word' id='word_1_296' title='bbox 1557 2503 1676 2552; x_wconf 76' lang='lat' dir='ltr'>venturo</span> <span class='ocrx_word' id='word_1_297' title='bbox 1696 2496 1730 2551; x_wconf 90' lang='lat' dir='ltr'>ad</span> <span class='ocrx_word' id='word_1_298' title='bbox 1749 2498 1830 2553; x_wconf 93' lang='lat' dir='ltr'>oorda</span> <span class='ocrx_word' id='word_1_299' title='bbox 1847 2508 1953 2565; x_wconf 89' lang='lat' dir='ltr'>nostra,</span> 
     </span>
     <span class='ocr_line' id='line_1_22' title="bbox 313 2573 1954 2659; baseline 0.01 -31"><span class='ocrx_word' id='word_1_300' title='bbox 313 2575 452 2640; x_wconf 67' lang='lat' dir='ltr'>mliorem</span> <span class='ocrx_word' id='word_1_301' title='bbox 467 2574 554 2646; x_wconf 79' lang='lat' dir='ltr'>major</span> <span class='ocrx_word' id='word_1_302' title='bbox 573 2575 678 2631; x_wconf 74' lang='lat' dir='ltr'>donnae</span> <span class='ocrx_word' id='word_1_303' title='bbox 695 2573 817 2646; x_wconf 80' lang='lat' dir='ltr'>Baptista</span> <span class='ocrx_word' id='word_1_304' title='bbox 832 2573 941 2644; x_wconf 79' lang='lat' dir='ltr'>(Morti.</span> <span class='ocrx_word' id='word_1_305' title='bbox 958 2576 1006 2646; x_wconf 87' lang='grc' dir='ltr'><strong>ιι).</strong></span> <span class='ocrx_word' id='word_1_306' title='bbox 1032 2576 1106 2632; x_wconf 74' lang='lat' dir='ltr'>Prae·</span> <span class='ocrx_word' id='word_1_307' title='bbox 1158 2578 1284 2637; x_wconf 88' lang='lat' dir='ltr'>tollamus</span> <span class='ocrx_word' id='word_1_308' title='bbox 1294 2581 1457 2640; x_wconf 87' lang='lat' dir='ltr'>oiiensiones</span> <span class='ocrx_word' id='word_1_309' title='bbox 1467 2595 1640 2654; x_wconf 86' lang='lat' dir='ltr'>peccatorum</span> <span class='ocrx_word' id='word_1_310' title='bbox 1653 2603 1702 2659; x_wconf 90' lang='lat' dir='ltr'>per</span> <span class='ocrx_word' id='word_1_311' title='bbox 1715 2589 1914 2645; x_wconf 78' lang='lat' dir='ltr'>contessionem</span> <span class='ocrx_word' id='word_1_312' title='bbox 1927 2599 1954 2645; x_wconf 87' lang='lat' dir='ltr'>ot</span> 
     </span>
     <span class='ocr_line' id='line_1_23' title="bbox 312 2664 1955 2739; baseline 0.007 -14"><span class='ocrx_word' id='word_1_313' title='bbox 312 2665 469 2728; x_wconf 71' lang='lat' dir='ltr'>multentur</span> <span class='ocrx_word' id='word_1_314' title='bbox 479 2664 585 2724; x_wconf 89' lang='lat' dir='ltr'>cunctis</span> <span class='ocrx_word' id='word_1_315' title='bbox 598 2672 627 2720; x_wconf 91' lang='lat' dir='ltr'>et</span> <span class='ocrx_word' id='word_1_316' title='bbox 637 2665 782 2731; x_wconf 89' lang='lat' dir='ltr'>universis,</span> <span class='ocrx_word' id='word_1_317' title='bbox 796 2666 932 2721; x_wconf 88' lang='lat' dir='ltr'>antecedit</span> <span class='ocrx_word' id='word_1_318' title='bbox 949 2667 1105 2738; x_wconf 88' lang='lat' dir='ltr'>prophetas,</span> <span class='ocrx_word' id='word_1_319' title='bbox 1157 2670 1356 2739; x_wconf 72' lang='lat' dir='ltr'>paenitentiam,</span> <span class='ocrx_word' id='word_1_320' title='bbox 1369 2683 1459 2731; x_wconf 90' lang='lat' dir='ltr'>rectas</span> <span class='ocrx_word' id='word_1_321' title='bbox 1472 2674 1603 2733; x_wconf 87' lang='lat' dir='ltr'>iaciamus</span> <span class='ocrx_word' id='word_1_322' title='bbox 1615 2678 1728 2734; x_wconf 89' lang='lat' dir='ltr'>semitas</span> <span class='ocrx_word' id='word_1_323' title='bbox 1739 2681 1955 2737; x_wconf 87' lang='lat' dir='ltr'>conversationis</span> 
     </span>
    </p>
   </div>
   <div class='ocr_carea' id='block_1_4' title="bbox 310 2756 1956 3753">
    <p class='ocr_par' dir='ltr' id='par_1_4' title="bbox 310 2756 1956 3753">
     <span class='ocr_line' id='line_1_24' title="bbox 312 2756 1951 2837; baseline 0.008 -23"><span class='ocrx_word' id='word_1_324' title='bbox 312 2757 517 2830; x_wconf 74' lang='lat' dir='ltr'>supergreditur</span> <span class='ocrx_word' id='word_1_325' title='bbox 542 2757 722 2826; x_wconf 85' lang='lat' dir='ltr'>patriarchas,</span> <span class='ocrx_word' id='word_1_326' title='bbox 745 2766 774 2813; x_wconf 89' lang='lat' dir='ltr'>et</span> <span class='ocrx_word' id='word_1_327' title='bbox 795 2756 917 2827; x_wconf 80' lang='lat' dir='ltr'>quisquis</span> <span class='ocrx_word' id='word_1_328' title='bbox 938 2757 972 2812; x_wconf 89' lang='lat' dir='ltr'>de</span> <span class='ocrx_word' id='word_1_329' title='bbox 994 2758 1107 2814; x_wconf 89' lang='lat' dir='ltr'>muliere</span> <span class='ocrx_word' id='word_1_330' title='bbox 1157 2768 1268 2828; x_wconf 87' lang='lat' dir='ltr'>nostrae,</span> <span class='ocrx_word' id='word_1_331' title='bbox 1281 2778 1342 2833; x_wconf 77' lang='lat' dir='ltr'>quae</span> <span class='ocrx_word' id='word_1_332' title='bbox 1354 2766 1430 2836; x_wconf 89' lang='lat' dir='ltr'>prius</span> <span class='ocrx_word' id='word_1_333' title='bbox 1443 2782 1533 2837; x_wconf 77' lang='lat' dir='ltr'>pravae</span> <span class='ocrx_word' id='word_1_334' title='bbox 1547 2777 1575 2823; x_wconf 89' lang='lat' dir='ltr'>et</span> <span class='ocrx_word' id='word_1_335' title='bbox 1590 2777 1718 2825; x_wconf 71' lang='lat' dir='ltr'>tortuosae</span> <span class='ocrx_word' id='word_1_336' title='bbox 1733 2781 1828 2837; x_wconf 87' lang='lat' dir='ltr'>ernnt;</span> <span class='ocrx_word' id='word_1_337' title='bbox 1843 2780 1951 2827; x_wconf 83' lang='lat' dir='ltr'>sterna-</span> 
     </span>
     <span class='ocr_line' id='line_1_25' title="bbox 312 2846 1952 2930; baseline 0.007 -25"><span class='ocrx_word' id='word_1_338' title='bbox 312 2856 455 2914; x_wconf 82' lang='lat' dir='ltr'>natusest,</span> <span class='ocrx_word' id='word_1_339' title='bbox 473 2849 586 2905; x_wconf 90' lang='lat' dir='ltr'>inlerior</span> <span class='ocrx_word' id='word_1_340' title='bbox 597 2858 639 2905; x_wconf 90' lang='lat' dir='ltr'>cst</span> <span class='ocrx_word' id='word_1_341' title='bbox 653 2846 757 2905; x_wconf 84' lang='lat' dir='ltr'>Joaune</span> <span class='ocrx_word' id='word_1_342' title='bbox 770 2865 776 2901; x_wconf 94' lang='lat'>:</span> <span class='ocrx_word' id='word_1_343' title='bbox 790 2849 836 2919; x_wconf 88' lang='lat' dir='ltr'>qui</span> <span class='ocrx_word' id='word_1_344' title='bbox 849 2858 939 2904; x_wconf 89' lang='lat' dir='ltr'>autent</span> <span class='ocrx_word' id='word_1_345' title='bbox 953 2851 987 2906; x_wconf 88' lang='lat' dir='ltr'>de</span> <span class='ocrx_word' id='word_1_346' title='bbox 998 2851 1107 2922; x_wconf 76' lang='lat' dir='ltr'>Virgine</span> <span class='ocrx_word' id='word_1_347' title='bbox 1157 2865 1219 2907; x_wconf 88' lang='lat' dir='ltr'>mus</span> <span class='ocrx_word' id='word_1_348' title='bbox 1232 2852 1303 2907; x_wconf 89' lang='lat' dir='ltr'>viam</span> <span class='ocrx_word' id='word_1_349' title='bbox 1320 2869 1391 2909; x_wconf 82' lang='lat' dir='ltr'>verre</span> <span class='ocrx_word' id='word_1_350' title='bbox 1405 2856 1467 2911; x_wconf 90' lang='lat' dir='ltr'>iidci</span> <span class='ocrx_word' id='word_1_351' title='bbox 1488 2857 1566 2913; x_wconf 91' lang='lat' dir='ltr'>bunis</span> <span class='ocrx_word' id='word_1_352' title='bbox 1580 2859 1722 2929; x_wconf 89' lang='lat' dir='ltr'>operibus,</span> <span class='ocrx_word' id='word_1_353' title='bbox 1742 2859 1894 2930; x_wconf 83' lang='lat' dir='ltr'>deponatur</span> <span class='ocrx_word' id='word_1_354' title='bbox 1906 2878 1952 2917; x_wconf 89' lang='lat' dir='ltr'>sn-</span> 
     </span>
     <span class='ocr_line' id='line_1_26' title="bbox 312 2940 1954 3017; baseline 0 -13"><span class='ocrx_word' id='word_1_355' title='bbox 312 2950 393 3004; x_wconf 74' lang='lat' dir='ltr'>tltius</span> <span class='ocrx_word' id='word_1_356' title='bbox 416 2950 468 3008; x_wconf 89' lang='lat' dir='ltr'>cst,</span> <span class='ocrx_word' id='word_1_357' title='bbox 484 2940 572 3010; x_wconf 76' lang='lat' dir='ltr'>maior</span> <span class='ocrx_word' id='word_1_358' title='bbox 591 2950 634 2997; x_wconf 90' lang='lat' dir='ltr'>est</span> <span class='ocrx_word' id='word_1_359' title='bbox 655 2941 715 3006; x_wconf 90' lang='lat' dir='ltr'>illo;</span> <span class='ocrx_word' id='word_1_360' title='bbox 727 2940 799 2996; x_wconf 90' lang='lat' dir='ltr'>uude</span> <span class='ocrx_word' id='word_1_361' title='bbox 826 2940 898 2996; x_wconf 80' lang='lat' dir='ltr'>ilem</span> <span class='ocrx_word' id='word_1_362' title='bbox 919 2940 1105 2998; x_wconf 84' lang='lat' dir='ltr'>Joauncsait:</span> <span class='ocrx_word' id='word_1_363' title='bbox 1157 2942 1251 3009; x_wconf 90' lang='lat' dir='ltr'>perbla</span> <span class='ocrx_word' id='word_1_364' title='bbox 1265 2945 1411 3010; x_wconf 90' lang='lat' dir='ltr'>mundana,</span> <span class='ocrx_word' id='word_1_365' title='bbox 1427 2954 1454 3001; x_wconf 92' lang='lat' dir='ltr'>et</span> <span class='ocrx_word' id='word_1_366' title='bbox 1468 2946 1589 3003; x_wconf 88' lang='lat' dir='ltr'>elevetur</span> <span class='ocrx_word' id='word_1_367' title='bbox 1601 2947 1808 3017; x_wconf 88' lang='lat' dir='ltr'>pusillanimitas</span> <span class='ocrx_word' id='word_1_368' title='bbox 1825 2949 1954 3006; x_wconf 79' lang='lat' dir='ltr'>formido-</span> 
     </span>
     <span class='ocr_line' id='line_1_27' title="bbox 312 3030 1954 3110; baseline 0.006 -25"><span class='ocrx_word' id='word_1_369' title='bbox 312 3031 367 3104; x_wconf 70' lang='lat' dir='ltr'>Qui</span> <span class='ocrx_word' id='word_1_370' title='bbox 379 3042 437 3104; x_wconf 82' lang='lat' dir='ltr'>port</span> <span class='ocrx_word' id='word_1_371' title='bbox 449 3048 489 3086; x_wconf 85' lang='lat' dir='ltr'>nte</span> <span class='ocrx_word' id='word_1_372' title='bbox 500 3033 579 3091; x_wconf 83' lang='lat' dir='ltr'>uenit,</span> <span class='ocrx_word' id='word_1_373' title='bbox 591 3043 651 3087; x_wconf 83' lang='lat' dir='ltr'>nate</span> <span class='ocrx_word' id='word_1_374' title='bbox 665 3047 706 3085; x_wconf 84' lang='lat' dir='ltr'>nte</span> <span class='ocrx_word' id='word_1_375' title='bbox 718 3030 805 3101; x_wconf 71' lang='lat' dir='ltr'>[aetas</span> <span class='ocrx_word' id='word_1_376' title='bbox 822 3040 873 3096; x_wconf 85' lang='lat' dir='ltr'>etl,</span> <span class='ocrx_word' id='word_1_377' title='bbox 887 3030 963 3101; x_wconf 78' lang='lat' dir='ltr'>caios</span> <span class='ocrx_word' id='word_1_378' title='bbox 977 3049 1028 3087; x_wconf 87' lang='lat' dir='ltr'>non</span> <span class='ocrx_word' id='word_1_379' title='bbox 1047 3049 1106 3087; x_wconf 82' lang='lat' dir='ltr'>som</span> <span class='ocrx_word' id='word_1_380' title='bbox 1158 3032 1235 3089; x_wconf 88' lang='lat' dir='ltr'>losa:</span> <span class='ocrx_word' id='word_1_381' title='bbox 1258 3035 1351 3107; x_wconf 84' lang='lat' dir='ltr'>sieque</span> <span class='ocrx_word' id='word_1_382' title='bbox 1370 3038 1539 3110; x_wconf 86' lang='lat' dir='ltr'>compositis,</span> <span class='ocrx_word' id='word_1_383' title='bbox 1555 3038 1698 3105; x_wconf 90' lang='lat' dir='ltr'>ordinatis,</span> <span class='ocrx_word' id='word_1_384' title='bbox 1715 3040 1829 3109; x_wconf 79' lang='lat' dir='ltr'>aeqrratis</span> <span class='ocrx_word' id='word_1_385' title='bbox 1848 3048 1875 3095; x_wconf 91' lang='lat' dir='ltr'>et</span> <span class='ocrx_word' id='word_1_386' title='bbox 1891 3057 1954 3095; x_wconf 85' lang='lat' dir='ltr'>voa·</span> 
     </span>
     <span class='ocr_line' id='line_1_28' title="bbox 312 3119 1951 3198; baseline 0.007 -19"><span class='ocrx_word' id='word_1_387' title='bbox 312 3123 410 3196; x_wconf 64' lang='lat' dir='ltr'>dinus</span> <span class='ocrx_word' id='word_1_388' title='bbox 423 3123 521 3179; x_wconf 79' lang='lat' dir='ltr'>soluere</span> <span class='ocrx_word' id='word_1_389' title='bbox 546 3123 686 3194; x_wconf 84' lang='lat' dir='ltr'>corripiam</span> <span class='ocrx_word' id='word_1_390' title='bbox 701 3119 869 3178; x_wconf 73' lang='lat' dir='ltr'>cnioeomenti</span> <span class='ocrx_word' id='word_1_391' title='bbox 882 3121 973 3194; x_wconf 77' lang='lat' dir='ltr'>(loun.</span> <span class='ocrx_word' id='word_1_392' title='bbox 994 3124 1033 3193; x_wconf 89' lang='grc' dir='ltr'><strong>ι);</strong></span> <span class='ocrx_word' id='word_1_393' title='bbox 1055 3133 1083 3180; x_wconf 85' lang='lat' dir='ltr'>et</span> <span class='ocrx_word' id='word_1_394' title='bbox 1098 3143 1104 3179; x_wconf 93' lang='lat'>:</span> <span class='ocrx_word' id='word_1_395' title='bbox 1157 3127 1265 3185; x_wconf 83' lang='lat' dir='ltr'>donatis</span> <span class='ocrx_word' id='word_1_396' title='bbox 1278 3130 1415 3198; x_wconf 89' lang='lat' dir='ltr'>omnibns,</span> <span class='ocrx_word' id='word_1_397' title='bbox 1432 3132 1583 3188; x_wconf 89' lang='lat' dir='ltr'>videbimus</span> <span class='ocrx_word' id='word_1_398' title='bbox 1596 3132 1715 3188; x_wconf 89' lang='lat' dir='ltr'>salutare</span> <span class='ocrx_word' id='word_1_399' title='bbox 1728 3133 1775 3188; x_wconf 86' lang='lat' dir='ltr'>Dei</span> <span class='ocrx_word' id='word_1_400' title='bbox 1794 3134 1872 3189; x_wconf 88' lang='lat' dir='ltr'>sicuti</span> <span class='ocrx_word' id='word_1_401' title='bbox 1887 3144 1951 3193; x_wconf 88' lang='lat' dir='ltr'>ost:</span> 
     </span>
     <span class='ocr_line' id='line_1_29' title="bbox 311 3214 1952 3293; baseline 0.002 -19"><span class='ocrx_word' id='word_1_402' title='bbox 311 3214 596 3288; x_wconf 63' lang='lat' dir='ltr'>&amp;marturinam</span> <span class='ocrx_word' id='word_1_403' title='bbox 608 3231 654 3270; x_wconf 82' lang='lat' dir='ltr'>uos</span> <span class='ocrx_word' id='word_1_404' title='bbox 666 3230 755 3270; x_wconf 80' lang='lat' dir='ltr'>amaea</span> <span class='ocrx_word' id='word_1_405' title='bbox 768 3214 924 3284; x_wconf 73' lang='lat' dir='ltr'>mcepimas,</span> <span class='ocrx_word' id='word_1_406' title='bbox 936 3216 1047 3285; x_wconf 82' lang='lat' dir='ltr'>pretinm</span> <span class='ocrx_word' id='word_1_407' title='bbox 1059 3232 1106 3288; x_wconf 87' lang='lat' dir='ltr'>pro</span> <span class='ocrx_word' id='word_1_408' title='bbox 1156 3218 1220 3289; x_wconf 81' lang='lat' dir='ltr'>qnia</span> <span class='ocrx_word' id='word_1_409' title='bbox 1234 3220 1261 3273; x_wconf 88' lang='lat' dir='ltr'>r&#39;rr</span> <span class='ocrx_word' id='word_1_410' title='bbox 1276 3237 1340 3289; x_wconf 83' lang='lat' dir='ltr'>poce</span> <span class='ocrx_word' id='word_1_411' title='bbox 1354 3220 1441 3291; x_wconf 70' lang='lat' dir='ltr'>iactos</span> <span class='ocrx_word' id='word_1_412' title='bbox 1454 3230 1493 3275; x_wconf 83' lang='lat' dir='ltr'>est</span> <span class='ocrx_word' id='word_1_413' title='bbox 1511 3220 1584 3275; x_wconf 79' lang='lat' dir='ltr'>locos</span> <span class='ocrx_word' id='word_1_414' title='bbox 1597 3222 1666 3291; x_wconf 77' lang='lat' dir='ltr'>eius,</span> <span class='ocrx_word' id='word_1_415' title='bbox 1679 3231 1703 3275; x_wconf 85' lang='lat' dir='ltr'>et</span> <span class='ocrx_word' id='word_1_416' title='bbox 1715 3222 1843 3276; x_wconf 82' lang='lat' dir='ltr'>habitatio</span> <span class='ocrx_word' id='word_1_417' title='bbox 1854 3223 1912 3293; x_wconf 74' lang='lat' dir='ltr'>ejus</span> <span class='ocrx_word' id='word_1_418' title='bbox 1925 3224 1952 3278; x_wconf 87' lang='lat' dir='ltr'>in</span> 
     </span>
     <span class='ocr_line' id='line_1_30' title="bbox 311 3305 1954 3386; baseline 0.005 -26"><span class='ocrx_word' id='word_1_419' title='bbox 311 3306 398 3386; x_wconf 69' lang='lat' dir='ltr'>pretio</span> <span class='ocrx_word' id='word_1_420' title='bbox 409 3305 523 3380; x_wconf 73' lang='lat' dir='ltr'>(itia),</span> <span class='ocrx_word' id='word_1_421' title='bbox 539 3305 602 3377; x_wconf 89' lang='lat' dir='ltr'>qnia</span> <span class='ocrx_word' id='word_1_422' title='bbox 616 3320 646 3361; x_wconf 90' lang='lat' dir='ltr'>se</span> <span class='ocrx_word' id='word_1_423' title='bbox 658 3306 774 3376; x_wconf 80' lang='lat' dir='ltr'>quisque</span> <span class='ocrx_word' id='word_1_424' title='bbox 784 3314 812 3360; x_wconf 91' lang='lat' dir='ltr'>et</span> <span class='ocrx_word' id='word_1_425' title='bbox 823 3319 917 3361; x_wconf 88' lang='lat' dir='ltr'>omnes</span> <span class='ocrx_word' id='word_1_426' title='bbox 931 3306 1054 3362; x_wconf 88' lang='lat' dir='ltr'>homines</span> <span class='ocrx_word' id='word_1_427' title='bbox 1064 3321 1106 3363; x_wconf 88' lang='lat' dir='ltr'>sc·</span> <span class='ocrx_word' id='word_1_428' title='bbox 1157 3310 1222 3368; x_wconf 87' lang='lat' dir='ltr'>Sion</span> <span class='ocrx_word' id='word_1_429' title='bbox 1236 3311 1323 3384; x_wconf 79' lang='lat' dir='ltr'>(Psoi,</span> <span class='ocrx_word' id='word_1_430' title='bbox 1338 3311 1436 3385; x_wconf 75' lang='lat' dir='ltr'>cxxv),</span> <span class='ocrx_word' id='word_1_431' title='bbox 1454 3312 1532 3384; x_wconf 84' lang='lat' dir='ltr'>cujus</span> <span class='ocrx_word' id='word_1_432' title='bbox 1551 3313 1656 3369; x_wconf 89' lang='lat' dir='ltr'>visione</span> <span class='ocrx_word' id='word_1_433' title='bbox 1671 3321 1800 3384; x_wconf 90' lang='lat' dir='ltr'>perpetua</span> <span class='ocrx_word' id='word_1_434' title='bbox 1820 3328 1870 3370; x_wconf 89' lang='lat' dir='ltr'>nos</span> <span class='ocrx_word' id='word_1_435' title='bbox 1889 3331 1954 3386; x_wconf 81' lang='lat' dir='ltr'>per-</span> 
     </span>
     <span class='ocr_line' id='line_1_31' title="bbox 311 3397 1955 3475; baseline 0.005 -21"><span class='ocrx_word' id='word_1_436' title='bbox 311 3413 376 3461; x_wconf 76' lang='lat' dir='ltr'>ean</span> <span class='ocrx_word' id='word_1_437' title='bbox 394 3413 476 3471; x_wconf 87' lang='lat' dir='ltr'>agere</span> <span class='ocrx_word' id='word_1_438' title='bbox 489 3414 550 3455; x_wconf 89' lang='lat' dir='ltr'>cum</span> <span class='ocrx_word' id='word_1_439' title='bbox 567 3397 654 3474; x_wconf 86' lang='lat' dir='ltr'>gratia</span> <span class='ocrx_word' id='word_1_440' title='bbox 669 3397 827 3469; x_wconf 83' lang='lat' dir='ltr'>conspexit,</span> <span class='ocrx_word' id='word_1_441' title='bbox 841 3398 902 3455; x_wconf 88' lang='lat' dir='ltr'>ideo</span> <span class='ocrx_word' id='word_1_442' title='bbox 914 3397 1015 3455; x_wconf 90' lang='lat' dir='ltr'>nulium</span> <span class='ocrx_word' id='word_1_443' title='bbox 1028 3401 1105 3470; x_wconf 89' lang='lat' dir='ltr'>quasi</span> <span class='ocrx_word' id='word_1_444' title='bbox 1157 3404 1230 3472; x_wconf 80' lang='lat' dir='ltr'>irai,</span> <span class='ocrx_word' id='word_1_445' title='bbox 1246 3404 1423 3475; x_wconf 73' lang='lat' dir='ltr'>precursoris</span> <span class='ocrx_word' id='word_1_446' title='bbox 1438 3404 1479 3458; x_wconf 93' lang='lat' dir='ltr'>sui</span> <span class='ocrx_word' id='word_1_447' title='bbox 1493 3403 1618 3474; x_wconf 87' lang='lat' dir='ltr'>precibus</span> <span class='ocrx_word' id='word_1_448' title='bbox 1629 3414 1773 3471; x_wconf 88' lang='lat' dir='ltr'>exoratus,</span> <span class='ocrx_word' id='word_1_449' title='bbox 1787 3404 1843 3475; x_wconf 89' lang='lat' dir='ltr'>ipsc</span> <span class='ocrx_word' id='word_1_450' title='bbox 1856 3421 1955 3462; x_wconf 85' lang='lat' dir='ltr'>conec-</span> 
     </span>
     <span class='ocr_line' id='line_1_32' title="bbox 311 3490 1955 3565; baseline 0.002 -18"><span class='ocrx_word' id='word_1_451' title='bbox 311 3505 368 3553; x_wconf 76' lang='lat' dir='ltr'>aon</span> <span class='ocrx_word' id='word_1_452' title='bbox 383 3499 507 3564; x_wconf 83' lang='lat' dir='ltr'>egentem</span> <span class='ocrx_word' id='word_1_453' title='bbox 520 3491 555 3547; x_wconf 87' lang='lat' dir='ltr'>ab</span> <span class='ocrx_word' id='word_1_454' title='bbox 565 3492 742 3547; x_wconf 89' lang='lat' dir='ltr'>hoounmero</span> <span class='ocrx_word' id='word_1_455' title='bbox 755 3490 889 3557; x_wconf 81' lang='lat' dir='ltr'>exclusit;</span> <span class='ocrx_word' id='word_1_456' title='bbox 906 3492 973 3547; x_wconf 91' lang='lat' dir='ltr'>acsi</span> <span class='ocrx_word' id='word_1_457' title='bbox 986 3490 1102 3548; x_wconf 77' lang='lat' dir='ltr'>dicerete</span> <span class='ocrx_word' id='word_1_458' title='bbox 1158 3494 1221 3561; x_wconf 88' lang='lat' dir='ltr'>dat,</span> <span class='ocrx_word' id='word_1_459' title='bbox 1237 3495 1284 3565; x_wconf 83' lang='lat' dir='ltr'>qui</span> <span class='ocrx_word' id='word_1_460' title='bbox 1299 3493 1335 3550; x_wconf 90' lang='lat' dir='ltr'>ob</span> <span class='ocrx_word' id='word_1_461' title='bbox 1348 3493 1400 3550; x_wconf 92' lang='lat' dir='ltr'>hoc</span> <span class='ocrx_word' id='word_1_462' title='bbox 1416 3492 1450 3549; x_wconf 90' lang='lat' dir='ltr'>de</span> <span class='ocrx_word' id='word_1_463' title='bbox 1470 3493 1548 3549; x_wconf 83' lang='lat' dir='ltr'>coelis</span> <span class='ocrx_word' id='word_1_464' title='bbox 1561 3494 1756 3558; x_wconf 86' lang='lat' dir='ltr'>descenderat,</span> <span class='ocrx_word' id='word_1_465' title='bbox 1773 3493 1848 3549; x_wconf 89' lang='lat' dir='ltr'>etde</span> <span class='ocrx_word' id='word_1_466' title='bbox 1866 3506 1955 3551; x_wconf 81' lang='lat' dir='ltr'>niorto</span> 
     </span>
     <span class='ocr_line' id='line_1_33' title="bbox 311 3544 1953 3658; baseline 0.001 -17"><span class='ocrx_word' id='word_1_467' title='bbox 311 3582 369 3648; x_wconf 74' lang='lat' dir='ltr'>iios</span> <span class='ocrx_word' id='word_1_468' title='bbox 381 3598 477 3641; x_wconf 82' lang='lat' dir='ltr'>omues</span> <span class='ocrx_word' id='word_1_469' title='bbox 491 3583 640 3655; x_wconf 81' lang='lat' dir='ltr'>propheta,</span> <span class='ocrx_word' id='word_1_470' title='bbox 653 3582 825 3653; x_wconf 74' lang='lat' dir='ltr'>patriarchae,</span> <span class='ocrx_word' id='word_1_471' title='bbox 835 3584 961 3655; x_wconf 90' lang='lat' dir='ltr'>apostoli,</span> <span class='ocrx_word' id='word_1_472' title='bbox 972 3593 1105 3655; x_wconf 74' lang='lat' dir='ltr'>quotquot</span> <span class='ocrx_word' id='word_1_473' title='bbox 1119 3544 1141 3605; x_wconf 74' lang='lat' dir='ltr'>C</span> <span class='ocrx_word' id='word_1_474' title='bbox 1158 3588 1340 3658; x_wconf 78' lang='lat' dir='ltr'>triumphans,</span> <span class='ocrx_word' id='word_1_475' title='bbox 1354 3601 1463 3641; x_wconf 89' lang='lat' dir='ltr'>sursum</span> <span class='ocrx_word' id='word_1_476' title='bbox 1478 3587 1646 3649; x_wconf 89' lang='lat' dir='ltr'>ascenderat,</span> <span class='ocrx_word' id='word_1_477' title='bbox 1662 3584 1742 3641; x_wconf 78' lang='lat' dir='ltr'>iesus</span> <span class='ocrx_word' id='word_1_478' title='bbox 1752 3585 1877 3642; x_wconf 84' lang='lat' dir='ltr'>Christus</span> <span class='ocrx_word' id='word_1_479' title='bbox 1891 3585 1953 3643; x_wconf 84' lang='lat' dir='ltr'>Sal-</span> 
     </span>
     <span class='ocr_line' id='line_1_34' title="bbox 310 3673 1956 3753; baseline 0 -17"><span class='ocrx_word' id='word_1_480' title='bbox 310 3676 402 3736; x_wconf 79' lang='lat' dir='ltr'>ttuotl</span> <span class='ocrx_word' id='word_1_481' title='bbox 415 3686 445 3732; x_wconf 90' lang='lat' dir='ltr'>ot</span> <span class='ocrx_word' id='word_1_482' title='bbox 457 3684 521 3732; x_wconf 87' lang='lat' dir='ltr'>aute</span> <span class='ocrx_word' id='word_1_483' title='bbox 536 3676 750 3732; x_wconf 87' lang='lat' dir='ltr'>incarnationem</span> <span class='ocrx_word' id='word_1_484' title='bbox 764 3673 910 3744; x_wconf 81' lang='lat' dir='ltr'>pramlssi,</span> <span class='ocrx_word' id='word_1_485' title='bbox 920 3675 962 3731; x_wconf 87' lang='lat' dir='ltr'>vel</span> <span class='ocrx_word' id='word_1_486' title='bbox 972 3675 1006 3730; x_wconf 85' lang='lat' dir='ltr'>alr</span> <span class='ocrx_word' id='word_1_487' title='bbox 1017 3674 1106 3730; x_wconf 91' lang='lat' dir='ltr'>lncar·</span> <span class='ocrx_word' id='word_1_488' title='bbox 1157 3687 1234 3735; x_wconf 85' lang='lat' dir='ltr'>rator</span> <span class='ocrx_word' id='word_1_489' title='bbox 1248 3688 1350 3745; x_wconf 88' lang='lat' dir='ltr'>noster,</span> <span class='ocrx_word' id='word_1_490' title='bbox 1362 3680 1408 3750; x_wconf 79' lang='lat' dir='ltr'>oui</span> <span class='ocrx_word' id='word_1_491' title='bbox 1422 3693 1484 3734; x_wconf 90' lang='lat' dir='ltr'>curn</span> <span class='ocrx_word' id='word_1_492' title='bbox 1496 3677 1577 3733; x_wconf 86' lang='lat' dir='ltr'>Patre</span> <span class='ocrx_word' id='word_1_493' title='bbox 1589 3685 1617 3733; x_wconf 92' lang='lat' dir='ltr'>et</span> <span class='ocrx_word' id='word_1_494' title='bbox 1629 3676 1731 3753; x_wconf 84' lang='lat' dir='ltr'>Splritu</span> <span class='ocrx_word' id='word_1_495' title='bbox 1744 3687 1839 3734; x_wconf 90' lang='lat' dir='ltr'>sancto</span> <span class='ocrx_word' id='word_1_496' title='bbox 1849 3679 1916 3735; x_wconf 86' lang='lat' dir='ltr'>vivit</span> <span class='ocrx_word' id='word_1_497' title='bbox 1926 3688 1956 3736; x_wconf 89' lang='lat' dir='ltr'>et</span> 
     </span>
    </p>
   </div>
   <div class='ocr_carea' id='block_1_5' title="bbox 309 3762 1925 3843">
    <p class='ocr_par' dir='ltr' id='par_1_5' title="bbox 309 3762 1925 3843">
     <span class='ocr_line' id='line_1_35' title="bbox 309 3762 1925 3843; baseline -0.004 -15"><span class='ocrx_word' id='word_1_498' title='bbox 309 3773 377 3828; x_wconf 69' lang='lat' dir='ltr'>uto</span> <span class='ocrx_word' id='word_1_499' title='bbox 399 3765 486 3832; x_wconf 73' lang='lat' dir='ltr'>mimi,</span> <span class='ocrx_word' id='word_1_500' title='bbox 507 3781 603 3823; x_wconf 86' lang='lat' dir='ltr'>omnes</span> <span class='ocrx_word' id='word_1_501' title='bbox 621 3780 672 3821; x_wconf 89' lang='lat' dir='ltr'>nos</span> <span class='ocrx_word' id='word_1_502' title='bbox 693 3764 727 3820; x_wconf 93' lang='lat' dir='ltr'>de</span> <span class='ocrx_word' id='word_1_503' title='bbox 747 3763 913 3834; x_wconf 87' lang='lat' dir='ltr'>plenitudine</span> <span class='ocrx_word' id='word_1_504' title='bbox 932 3762 990 3833; x_wconf 78' lang='lat' dir='ltr'>elus</span> <span class='ocrx_word' id='word_1_505' title='bbox 1004 3764 1107 3836; x_wconf 86' lang='lat' dir='ltr'>accepi·</span> <span class='ocrx_word' id='word_1_506' title='bbox 1156 3777 1253 3843; x_wconf 81' lang='lat' dir='ltr'>regnat</span> <span class='ocrx_word' id='word_1_507' title='bbox 1267 3770 1347 3836; x_wconf 89' lang='lat' dir='ltr'>bens,</span> <span class='ocrx_word' id='word_1_508' title='bbox 1362 3783 1412 3843; x_wconf 92' lang='lat' dir='ltr'>per</span> <span class='ocrx_word' id='word_1_509' title='bbox 1425 3768 1515 3824; x_wconf 87' lang='lat' dir='ltr'>omnia</span> <span class='ocrx_word' id='word_1_510' title='bbox 1530 3764 1628 3823; x_wconf 75' lang='lat' dir='ltr'>seculi</span> <span class='ocrx_word' id='word_1_511' title='bbox 1642 3766 1812 3826; x_wconf 81' lang='lat' dir='ltr'>sacculorum.</span> <span class='ocrx_word' id='word_1_512' title='bbox 1826 3766 1925 3826; x_wconf 78' lang='lat' dir='ltr'>brnen.</span> 
     </span>
    </p>
   </div>
   <div class='ocr_carea' id='block_1_6' title="bbox 310 3898 1953 4839">
    <p class='ocr_par' dir='ltr' id='par_1_6' title="bbox 310 3898 1687 4026">
     <span class='ocr_line' id='line_1_36' title="bbox 310 3898 1687 4026; baseline -0.006 -20"><span class='ocrx_word' id='word_1_513' title='bbox 310 3955 456 4013; x_wconf 69' lang='lat' dir='ltr'>arcetum</span> <span class='ocrx_word' id='word_1_514' title='bbox 469 3946 515 4004; x_wconf 90' lang='lat' dir='ltr'>lile</span> <span class='ocrx_word' id='word_1_515' title='bbox 526 3947 608 4014; x_wconf 86' lang='lat' dir='ltr'>bens,</span> <span class='ocrx_word' id='word_1_516' title='bbox 621 3961 670 4002; x_wconf 88' lang='lat' dir='ltr'>nos</span> <span class='ocrx_word' id='word_1_517' title='bbox 684 3945 818 4002; x_wconf 88' lang='lat' dir='ltr'>homines.</span> <span class='ocrx_word' id='word_1_518' title='bbox 835 3944 892 3999; x_wconf 89' lang='lat' dir='ltr'>lloc</span> <span class='ocrx_word' id='word_1_519' title='bbox 905 3959 979 4015; x_wconf 88' lang='lat' dir='ltr'>ergo,</span> <span class='ocrx_word' id='word_1_520' title='bbox 993 3944 1104 4011; x_wconf 89' lang='lat' dir='ltr'>iratres,</span> <span class='ocrx_word' id='word_1_521' title='bbox 1420 3898 1562 4026; x_wconf 51' lang='lat' dir='ltr'>“Qum</span> <span class='ocrx_word' id='word_1_522' title='bbox 1580 3899 1687 3957; x_wconf 62' lang='lat' dir='ltr'>xm·</span> 
     </span>
    </p>

    <p class='ocr_par' dir='ltr' id='par_1_7' title="bbox 310 4025 1953 4839">
     <span class='ocr_line' id='line_1_37' title="bbox 310 4025 1949 4113; baseline -0.001 -41"><span class='ocrx_word' id='word_1_523' title='bbox 310 4040 473 4113; x_wconf 59' lang='lat' dir='ltr'>,mmm</span> <span class='ocrx_word' id='word_1_524' title='bbox 494 4049 537 4095; x_wconf 51' lang='grc' dir='ltr'>ω,</span> <span class='ocrx_word' id='word_1_525' title='bbox 559 4039 586 4095; x_wconf 65' lang='lat'>5„</span> <span class='ocrx_word' id='word_1_526' title='bbox 604 4039 744 4095; x_wconf 54' lang='lat' dir='ltr'>„mm</span> <span class='ocrx_word' id='word_1_527' title='bbox 762 4036 939 4109; x_wconf 54' lang='lat' dir='ltr'><strong>„mamm</strong></span> <span class='ocrx_word' id='word_1_528' title='bbox 954 4035 1061 4091; x_wconf 60' lang='lat' dir='ltr'>pomini</span> <span class='ocrx_word' id='word_1_529' title='bbox 1077 4043 1106 4091; x_wconf 55' lang='grc' dir='ltr'>θ,</span> <span class='ocrx_word' id='word_1_530' title='bbox 1157 4030 1184 4070; x_wconf 85' lang='lat' dir='ltr'>ra</span> <span class='ocrx_word' id='word_1_531' title='bbox 1203 4028 1302 4070; x_wconf 80' lang='lat' dir='ltr'>atram</span> <span class='ocrx_word' id='word_1_532' title='bbox 1319 4026 1480 4070; x_wconf 76' lang='lat' dir='ltr'>sinerentur</span> <span class='ocrx_word' id='word_1_533' title='bbox 1500 4025 1693 4068; x_wconf 81' lang='lat' dir='ltr'>teosrototttttt</span> <span class='ocrx_word' id='word_1_534' title='bbox 1708 4027 1788 4067; x_wconf 79' lang='lat' dir='ltr'>rarat</span> <span class='ocrx_word' id='word_1_535' title='bbox 1806 4025 1841 4068; x_wconf 80' lang='lat' dir='ltr'>rr</span> <span class='ocrx_word' id='word_1_536' title='bbox 1861 4029 1949 4071; x_wconf 78' lang='lat' dir='ltr'>aanor.</span> 
     </span>
     <span class='ocr_line' id='line_1_38' title="bbox 311 4125 1953 4198; baseline 0 -15"><span class='ocrx_word' id='word_1_537' title='bbox 311 4127 498 4194; x_wconf 73' lang='lat' dir='ltr'>innativitate</span> <span class='ocrx_word' id='word_1_538' title='bbox 509 4125 700 4198; x_wconf 80' lang='lat' dir='ltr'>Redemptoris</span> <span class='ocrx_word' id='word_1_539' title='bbox 719 4129 816 4193; x_wconf 90' lang='lat' dir='ltr'>nostri,</span> <span class='ocrx_word' id='word_1_540' title='bbox 829 4127 902 4198; x_wconf 87' lang='lat' dir='ltr'>quod</span> <span class='ocrx_word' id='word_1_541' title='bbox 922 4127 951 4181; x_wconf 92' lang='lat' dir='ltr'>in</span> <span class='ocrx_word' id='word_1_542' title='bbox 965 4125 1105 4198; x_wconf 76' lang='lat' dir='ltr'>propheta</span> <span class='ocrx_word' id='word_1_543' title='bbox 1193 4128 1289 4194; x_wconf 87' lang='lat' dir='ltr'>liudis,</span> <span class='ocrx_word' id='word_1_544' title='bbox 1310 4127 1408 4184; x_wconf 87' lang='lat' dir='ltr'>iratres</span> <span class='ocrx_word' id='word_1_545' title='bbox 1423 4126 1597 4194; x_wconf 88' lang='lat' dir='ltr'>charissimi,</span> <span class='ocrx_word' id='word_1_546' title='bbox 1614 4127 1833 4184; x_wconf 86' lang='lat' dir='ltr'>beatissimorum</span> <span class='ocrx_word' id='word_1_547' title='bbox 1844 4137 1953 4197; x_wconf 84' lang='lat' dir='ltr'>aposto-</span> 
     </span>
     <span class='ocr_line' id='line_1_39' title="bbox 311 4216 1951 4287; baseline 0.002 -15"><span class='ocrx_word' id='word_1_548' title='bbox 311 4217 455 4284; x_wconf 77' lang='lat' dir='ltr'>patlritate</span> <span class='ocrx_word' id='word_1_549' title='bbox 468 4216 607 4273; x_wconf 86' lang='lat' dir='ltr'>humilitas</span> <span class='ocrx_word' id='word_1_550' title='bbox 623 4225 715 4273; x_wconf 89' lang='lat' dir='ltr'>nostra</span> <span class='ocrx_word' id='word_1_551' title='bbox 730 4217 903 4287; x_wconf 88' lang='lat' dir='ltr'>designatur,</span> <span class='ocrx_word' id='word_1_552' title='bbox 917 4218 945 4272; x_wconf 91' lang='lat' dir='ltr'>in</span> <span class='ocrx_word' id='word_1_553' title='bbox 964 4217 1105 4273; x_wconf 86' lang='lat' dir='ltr'>nativitate</span> <span class='ocrx_word' id='word_1_554' title='bbox 1156 4221 1244 4277; x_wconf 89' lang='lat' dir='ltr'>lorum</span> <span class='ocrx_word' id='word_1_555' title='bbox 1256 4220 1330 4276; x_wconf 83' lang='lat' dir='ltr'>Petri</span> <span class='ocrx_word' id='word_1_556' title='bbox 1343 4228 1370 4276; x_wconf 86' lang='lat' dir='ltr'>ei</span> <span class='ocrx_word' id='word_1_557' title='bbox 1381 4218 1457 4279; x_wconf 83' lang='lat' dir='ltr'>Pauli</span> <span class='ocrx_word' id='word_1_558' title='bbox 1470 4219 1569 4276; x_wconf 89' lang='lat' dir='ltr'>natalis</span> <span class='ocrx_word' id='word_1_559' title='bbox 1581 4219 1639 4276; x_wconf 90' lang='lat' dir='ltr'>dies</span> <span class='ocrx_word' id='word_1_560' title='bbox 1656 4228 1699 4276; x_wconf 86' lang='lat' dir='ltr'>cst</span> <span class='ocrx_word' id='word_1_561' title='bbox 1709 4220 1736 4275; x_wconf 92' lang='lat' dir='ltr'>in</span> <span class='ocrx_word' id='word_1_562' title='bbox 1747 4227 1805 4276; x_wconf 89' lang='lat' dir='ltr'>toto</span> <span class='ocrx_word' id='word_1_563' title='bbox 1820 4221 1886 4276; x_wconf 89' lang='lat' dir='ltr'>orbe</span> <span class='ocrx_word' id='word_1_564' title='bbox 1900 4236 1951 4275; x_wconf 81' lang='lat' dir='ltr'>nn-</span> 
     </span>
     <span class='ocr_line' id='line_1_40' title="bbox 311 4304 1952 4389; baseline 0.001 -23"><span class='ocrx_word' id='word_1_565' title='bbox 311 4322 422 4382; x_wconf 64' lang='lat' dir='ltr'>quomo</span> <span class='ocrx_word' id='word_1_566' title='bbox 449 4306 556 4364; x_wconf 87' lang='lat' dir='ltr'>bomini</span> <span class='ocrx_word' id='word_1_567' title='bbox 582 4306 711 4363; x_wconf 79' lang='lat' dir='ltr'>exaltatio</span> <span class='ocrx_word' id='word_1_568' title='bbox 736 4314 840 4362; x_wconf 90' lang='lat' dir='ltr'>nostra.</span> <span class='ocrx_word' id='word_1_569' title='bbox 864 4304 983 4361; x_wconf 82' lang='lat' dir='ltr'>loannes</span> <span class='ocrx_word' id='word_1_570' title='bbox 1012 4306 1106 4362; x_wconf 80' lang='lat' dir='ltr'>‹tecre-</span> <span class='ocrx_word' id='word_1_571' title='bbox 1157 4313 1299 4371; x_wconf 86' lang='lat' dir='ltr'>tissimus:</span> <span class='ocrx_word' id='word_1_572' title='bbox 1315 4312 1343 4368; x_wconf 94' lang='lat' dir='ltr'>ln</span> <span class='ocrx_word' id='word_1_573' title='bbox 1357 4326 1410 4383; x_wconf 86' lang='lat' dir='ltr'>qna</span> <span class='ocrx_word' id='word_1_574' title='bbox 1423 4312 1496 4367; x_wconf 89' lang='lat' dir='ltr'>euim</span> <span class='ocrx_word' id='word_1_575' title='bbox 1509 4311 1767 4381; x_wconf 87' lang='lat' dir='ltr'>parteorhlslatere</span> <span class='ocrx_word' id='word_1_576' title='bbox 1779 4313 1952 4389; x_wconf 89' lang='lat' dir='ltr'>potuittauta</span> 
     </span>
     <span class='ocr_line' id='line_1_41' title="bbox 311 4394 1952 4473; baseline 0.004 -19"><span class='ocrx_word' id='word_1_577' title='bbox 311 4406 407 4466; x_wconf 69' lang='lat' dir='ltr'>poento</span> <span class='ocrx_word' id='word_1_578' title='bbox 419 4397 462 4454; x_wconf 89' lang='lat' dir='ltr'>die</span> <span class='ocrx_word' id='word_1_579' title='bbox 484 4405 565 4453; x_wconf 90' lang='lat' dir='ltr'>natus</span> <span class='ocrx_word' id='word_1_580' title='bbox 582 4405 634 4463; x_wconf 89' lang='lat' dir='ltr'>est,</span> <span class='ocrx_word' id='word_1_581' title='bbox 654 4394 780 4453; x_wconf 82' lang='lat' dir='ltr'>Christus</span> <span class='ocrx_word' id='word_1_582' title='bbox 792 4410 857 4452; x_wconf 88' lang='lat' dir='ltr'>reru</span> <span class='ocrx_word' id='word_1_583' title='bbox 871 4402 1026 4463; x_wconf 89' lang='lat' dir='ltr'>crescente,</span> <span class='ocrx_word' id='word_1_584' title='bbox 1040 4396 1104 4467; x_wconf 85' lang='lat' dir='ltr'>quia</span> <span class='ocrx_word' id='word_1_585' title='bbox 1156 4403 1274 4469; x_wconf 85' lang='lat' dir='ltr'>devotio,</span> <span class='ocrx_word' id='word_1_586' title='bbox 1291 4417 1354 4459; x_wconf 88' lang='lat' dir='ltr'>enm</span> <span class='ocrx_word' id='word_1_587' title='bbox 1368 4401 1514 4458; x_wconf 81' lang='lat' dir='ltr'>virtutihus</span> <span class='ocrx_word' id='word_1_588' title='bbox 1528 4400 1690 4461; x_wconf 59' lang='lat' dir='ltr'>mantibus</span> <span class='ocrx_word' id='word_1_589' title='bbox 1703 4401 1803 4473; x_wconf 85' lang='lat' dir='ltr'>ubique</span> <span class='ocrx_word' id='word_1_590' title='bbox 1820 4403 1952 4473; x_wconf 79' lang='lat' dir='ltr'>pradica-</span> 
     </span>
     <span class='ocr_line' id='line_1_42' title="bbox 310 4484 1953 4566; baseline 0.001 -19"><span class='ocrx_word' id='word_1_591' title='bbox 310 4492 422 4566; x_wconf 77' lang='lat' dir='ltr'>dipnnm</span> <span class='ocrx_word' id='word_1_592' title='bbox 443 4491 495 4548; x_wconf 93' lang='lat' dir='ltr'>iult</span> <span class='ocrx_word' id='word_1_593' title='bbox 510 4499 540 4546; x_wconf 92' lang='lat' dir='ltr'>ut</span> <span class='ocrx_word' id='word_1_594' title='bbox 554 4489 671 4548; x_wconf 88' lang='lat' dir='ltr'>hominis</span> <span class='ocrx_word' id='word_1_595' title='bbox 691 4487 762 4544; x_wconf 88' lang='lat' dir='ltr'>iama</span> <span class='ocrx_word' id='word_1_596' title='bbox 783 4484 951 4545; x_wconf 88' lang='lat' dir='ltr'>minneretur</span> <span class='ocrx_word' id='word_1_597' title='bbox 970 4496 999 4545; x_wconf 88' lang='lat' dir='ltr'>et</span> <span class='ocrx_word' id='word_1_598' title='bbox 1019 4488 1104 4560; x_wconf 88' lang='lat' dir='ltr'>gloria</span> <span class='ocrx_word' id='word_1_599' title='bbox 1158 4501 1202 4550; x_wconf 87' lang='lat' dir='ltr'>tur</span> <span class='ocrx_word' id='word_1_600' title='bbox 1215 4508 1308 4549; x_wconf 90' lang='lat' dir='ltr'>corum</span> <span class='ocrx_word' id='word_1_601' title='bbox 1318 4492 1411 4565; x_wconf 83' lang='lat' dir='ltr'>gloriae</span> <span class='ocrx_word' id='word_1_602' title='bbox 1426 4490 1600 4564; x_wconf 74' lang='lat' dir='ltr'>magnitudo?</span> <span class='ocrx_word' id='word_1_603' title='bbox 1614 4489 1643 4546; x_wconf 87' lang='lat' dir='ltr'>st</span> <span class='ocrx_word' id='word_1_604' title='bbox 1660 4490 1768 4562; x_wconf 82' lang='lat' dir='ltr'>quidam</span> <span class='ocrx_word' id='word_1_605' title='bbox 1781 4505 1844 4547; x_wconf 92' lang='lat' dir='ltr'>cum</span> <span class='ocrx_word' id='word_1_606' title='bbox 1858 4491 1891 4547; x_wconf 92' lang='lat' dir='ltr'>de</span> <span class='ocrx_word' id='word_1_607' title='bbox 1909 4492 1953 4549; x_wconf 89' lang='lat' dir='ltr'>his</span> 
     </span>
     <span class='ocr_line' id='line_1_43' title="bbox 310 4576 1952 4652; baseline -0.001 -13"><span class='ocrx_word' id='word_1_608' title='bbox 310 4581 361 4649; x_wconf 78' lang='lat' dir='ltr'>lici</span> <span class='ocrx_word' id='word_1_609' title='bbox 376 4582 552 4639; x_wconf 78' lang='lat' dir='ltr'>exaltaretur.</span> <span class='ocrx_word' id='word_1_610' title='bbox 572 4579 629 4637; x_wconf 91' lang='lat' dir='ltr'>lloc</span> <span class='ocrx_word' id='word_1_611' title='bbox 639 4580 711 4636; x_wconf 89' lang='lat' dir='ltr'>idern</span> <span class='ocrx_word' id='word_1_612' title='bbox 724 4588 752 4635; x_wconf 89' lang='lat' dir='ltr'>ct</span> <span class='ocrx_word' id='word_1_613' title='bbox 765 4576 883 4635; x_wconf 81' lang='lat' dir='ltr'>loannes</span> <span class='ocrx_word' id='word_1_614' title='bbox 900 4579 1030 4647; x_wconf 86' lang='lat' dir='ltr'>sentiens,</span> <span class='ocrx_word' id='word_1_615' title='bbox 1043 4580 1102 4635; x_wconf 84' lang='lat' dir='ltr'>ait:</span> <span class='ocrx_word' id='word_1_616' title='bbox 1156 4582 1229 4639; x_wconf 81' lang='lat' dir='ltr'>dicat</span> <span class='ocrx_word' id='word_1_617' title='bbox 1245 4581 1331 4640; x_wconf 81' lang='lat' dir='ltr'>llarid</span> <span class='ocrx_word' id='word_1_618' title='bbox 1344 4582 1496 4652; x_wconf 90' lang='lat' dir='ltr'>propheta:</span> <span class='ocrx_word' id='word_1_619' title='bbox 1512 4580 1546 4634; x_wconf 88' lang='lat' dir='ltr'>la</span> <span class='ocrx_word' id='word_1_620' title='bbox 1561 4596 1663 4638; x_wconf 72' lang='lat' dir='ltr'>emman</span> <span class='ocrx_word' id='word_1_621' title='bbox 1673 4582 1857 4637; x_wconf 67' lang='lat' dir='ltr'>terminabit</span> <span class='ocrx_word' id='word_1_622' title='bbox 1870 4597 1952 4637; x_wconf 80' lang='lat' dir='ltr'>ronna</span> 
     </span>
     <span class='ocr_line' id='line_1_44' title="bbox 310 4669 1950 4747; baseline -0.005 -16"><span class='ocrx_word' id='word_1_623' title='bbox 310 4672 357 4733; x_wconf 76' lang='grc' dir='ltr'><strong>Ιι</strong></span> <span class='ocrx_word' id='word_1_624' title='bbox 377 4684 478 4747; x_wconf 83' lang='lat' dir='ltr'>oportet</span> <span class='ocrx_word' id='word_1_625' title='bbox 500 4674 598 4741; x_wconf 76' lang='lat' dir='ltr'>seinai,</span> <span class='ocrx_word' id='word_1_626' title='bbox 614 4672 690 4729; x_wconf 82' lang='lat' dir='ltr'>iiiam</span> <span class='ocrx_word' id='word_1_627' title='bbox 704 4681 792 4728; x_wconf 83' lang='lat' dir='ltr'>notem</span> <span class='ocrx_word' id='word_1_628' title='bbox 807 4688 922 4728; x_wconf 79' lang='lat' dir='ltr'>crescere</span> <span class='ocrx_word' id='word_1_629' title='bbox 938 4671 1030 4744; x_wconf 74' lang='lat' dir='ltr'>(icon.</span> <span class='ocrx_word' id='word_1_630' title='bbox 1049 4672 1103 4744; x_wconf 87' lang='grc' dir='ltr'><strong>ιιι).</strong></span> <span class='ocrx_word' id='word_1_631' title='bbox 1155 4691 1256 4741; x_wconf 79' lang='lat' dir='ltr'>eoram,</span> <span class='ocrx_word' id='word_1_632' title='bbox 1279 4682 1304 4729; x_wconf 82' lang='lat' dir='ltr'>et</span> <span class='ocrx_word' id='word_1_633' title='bbox 1324 4673 1352 4727; x_wconf 85' lang='lat' dir='ltr'>in</span> <span class='ocrx_word' id='word_1_634' title='bbox 1375 4672 1442 4742; x_wconf 74' lang='lat' dir='ltr'>fiaes</span> <span class='ocrx_word' id='word_1_635' title='bbox 1466 4671 1537 4727; x_wconf 77' lang='lat' dir='ltr'>oriris</span> <span class='ocrx_word' id='word_1_636' title='bbox 1558 4681 1636 4727; x_wconf 85' lang='lat' dir='ltr'>terroe</span> <span class='ocrx_word' id='word_1_637' title='bbox 1655 4670 1731 4726; x_wconf 76' lang='lat' dir='ltr'>certa</span> <span class='ocrx_word' id='word_1_638' title='bbox 1752 4687 1843 4726; x_wconf 72' lang='lat' dir='ltr'>eoram</span> <span class='ocrx_word' id='word_1_639' title='bbox 1862 4669 1950 4745; x_wconf 79' lang='lat' dir='ltr'>(Ptol.</span> 
     </span>
     <span class='ocr_line' id='line_1_45' title="bbox 310 4761 1953 4839; baseline -0.001 -18"><span class='ocrx_word' id='word_1_640' title='bbox 310 4764 390 4838; x_wconf 71' lang='lat' dir='ltr'>Quod</span> <span class='ocrx_word' id='word_1_641' title='bbox 403 4765 486 4821; x_wconf 90' lang='lat' dir='ltr'>etiam</span> <span class='ocrx_word' id='word_1_642' title='bbox 502 4765 711 4838; x_wconf 88' lang='lat' dir='ltr'>inpassionihus</span> <span class='ocrx_word' id='word_1_643' title='bbox 723 4764 865 4820; x_wconf 90' lang='lat' dir='ltr'>amborum</span> <span class='ocrx_word' id='word_1_644' title='bbox 882 4762 1023 4834; x_wconf 90' lang='lat' dir='ltr'>impletum</span> <span class='ocrx_word' id='word_1_645' title='bbox 1037 4771 1103 4821; x_wconf 89' lang='lat' dir='ltr'>est:</span> <span class='ocrx_word' id='word_1_646' title='bbox 1156 4765 1246 4839; x_wconf 78' lang='lat' dir='ltr'>arur).</span> <span class='ocrx_word' id='word_1_647' title='bbox 1269 4764 1429 4824; x_wconf 77' lang='lat' dir='ltr'>homnem</span> <span class='ocrx_word' id='word_1_648' title='bbox 1454 4771 1556 4820; x_wconf 89' lang='lat' dir='ltr'>terram</span> <span class='ocrx_word' id='word_1_649' title='bbox 1582 4761 1745 4818; x_wconf 88' lang='lat' dir='ltr'>mirabilium</span> <span class='ocrx_word' id='word_1_650' title='bbox 1770 4761 1844 4819; x_wconf 87' lang='lat' dir='ltr'>Petri</span> <span class='ocrx_word' id='word_1_651' title='bbox 1864 4763 1953 4824; x_wconf 87' lang='lat' dir='ltr'>virtus</span> 
     </span>
    </p>
   </div>
   <div class='ocr_carea' id='block_1_7' title="bbox 309 4852 1952 5202">
    <p class='ocr_par' dir='ltr' id='par_1_8' title="bbox 309 4852 1952 5202">
     <span class='ocr_line' id='line_1_46' title="bbox 311 4852 1951 4956; baseline -0.001 -44"><span class='ocrx_word' id='word_1_652' title='bbox 311 4864 343 4921; x_wconf 71' lang='lat' dir='ltr'>gt</span> <span class='ocrx_word' id='word_1_653' title='bbox 356 4855 528 4911; x_wconf 80' lang='lat' dir='ltr'>minneretur</span> <span class='ocrx_word' id='word_1_654' title='bbox 540 4856 631 4921; x_wconf 89' lang='lat' dir='ltr'>homo,</span> <span class='ocrx_word' id='word_1_655' title='bbox 646 4864 728 4927; x_wconf 90' lang='lat' dir='ltr'>capnt</span> <span class='ocrx_word' id='word_1_656' title='bbox 747 4853 861 4912; x_wconf 80' lang='lat' dir='ltr'>loannis</span> <span class='ocrx_word' id='word_1_657' title='bbox 873 4854 1057 4922; x_wconf 88' lang='lat' dir='ltr'>abscinditnr;</span> <span class='ocrx_word' id='word_1_658' title='bbox 1075 4863 1104 4911; x_wconf 92' lang='lat' dir='ltr'>nt</span> <span class='ocrx_word' id='word_1_659' title='bbox 1117 4894 1145 4956; x_wconf 74' lang='lat' dir='ltr'>D</span> <span class='ocrx_word' id='word_1_660' title='bbox 1157 4857 1354 4917; x_wconf 83' lang='lat' dir='ltr'>annuntiatur:</span> <span class='ocrx_word' id='word_1_661' title='bbox 1369 4865 1398 4912; x_wconf 90' lang='lat' dir='ltr'>et</span> <span class='ocrx_word' id='word_1_662' title='bbox 1416 4854 1444 4911; x_wconf 93' lang='lat' dir='ltr'>in</span> <span class='ocrx_word' id='word_1_663' title='bbox 1460 4854 1527 4910; x_wconf 83' lang='lat' dir='ltr'>dues</span> <span class='ocrx_word' id='word_1_664' title='bbox 1545 4853 1620 4909; x_wconf 89' lang='lat' dir='ltr'>orbis</span> <span class='ocrx_word' id='word_1_665' title='bbox 1635 4861 1715 4909; x_wconf 79' lang='lat' dir='ltr'>terra</span> <span class='ocrx_word' id='word_1_666' title='bbox 1728 4852 1854 4924; x_wconf 80' lang='lat' dir='ltr'>Epistulae</span> <span class='ocrx_word' id='word_1_667' title='bbox 1872 4852 1951 4911; x_wconf 84' lang='lat' dir='ltr'>Pauli</span> 
     </span>
     <span class='ocr_line' id='line_1_47' title="bbox 309 4945 1951 5022; baseline 0 -19"><span class='ocrx_word' id='word_1_668' title='bbox 309 4946 480 5010; x_wconf 64' lang='lat' dir='ltr'>aduretur</span> <span class='ocrx_word' id='word_1_669' title='bbox 504 4945 595 5014; x_wconf 76' lang='lat' dir='ltr'>Deos,</span> <span class='ocrx_word' id='word_1_670' title='bbox 620 4946 745 5005; x_wconf 85' lang='lat' dir='ltr'>Christus</span> <span class='ocrx_word' id='word_1_671' title='bbox 770 4946 798 5002; x_wconf 90' lang='lat' dir='ltr'>in</span> <span class='ocrx_word' id='word_1_672' title='bbox 825 4945 898 5019; x_wconf 88' lang='lat' dir='ltr'>ligno</span> <span class='ocrx_word' id='word_1_673' title='bbox 919 4946 1102 5022; x_wconf 86' lang='lat' dir='ltr'>suspenditur.</span> <span class='ocrx_word' id='word_1_674' title='bbox 1157 4956 1343 5021; x_wconf 85' lang='lat' dir='ltr'>penetrarunt.</span> <span class='ocrx_word' id='word_1_675' title='bbox 1357 4948 1425 5018; x_wconf 81' lang='lat' dir='ltr'>Quis</span> <span class='ocrx_word' id='word_1_676' title='bbox 1445 4948 1517 5004; x_wconf 88' lang='lat' dir='ltr'>enim</span> <span class='ocrx_word' id='word_1_677' title='bbox 1539 4963 1594 5004; x_wconf 92' lang='lat' dir='ltr'>non</span> <span class='ocrx_word' id='word_1_678' title='bbox 1617 4945 1720 5003; x_wconf 86' lang='lat' dir='ltr'>audivit</span> <span class='ocrx_word' id='word_1_679' title='bbox 1738 4947 1811 5016; x_wconf 80' lang='lat' dir='ltr'>quod</span> <span class='ocrx_word' id='word_1_680' title='bbox 1831 4946 1951 5017; x_wconf 88' lang='lat' dir='ltr'>primum</span> 
     </span>
     <span class='ocr_line' id='line_1_48' title="bbox 310 5033 1952 5117; baseline -0.001 -21"><span class='ocrx_word' id='word_1_681' title='bbox 310 5036 403 5115; x_wconf 63' lang='lat' dir='ltr'>outre</span> <span class='ocrx_word' id='word_1_682' title='bbox 419 5045 511 5094; x_wconf 87' lang='lat' dir='ltr'>autem</span> <span class='ocrx_word' id='word_1_683' title='bbox 524 5038 634 5094; x_wconf 85' lang='lat' dir='ltr'>beatum</span> <span class='ocrx_word' id='word_1_684' title='bbox 651 5035 783 5093; x_wconf 86' lang='lat' dir='ltr'>loannem</span> <span class='ocrx_word' id='word_1_685' title='bbox 796 5036 926 5096; x_wconf 87' lang='lat' dir='ltr'>bemiuus</span> <span class='ocrx_word' id='word_1_686' title='bbox 937 5045 966 5091; x_wconf 89' lang='lat' dir='ltr'>et</span> <span class='ocrx_word' id='word_1_687' title='bbox 980 5033 1105 5094; x_wconf 84' lang='lat' dir='ltr'>Salvator</span> <span class='ocrx_word' id='word_1_688' title='bbox 1157 5044 1253 5101; x_wconf 86' lang='lat' dir='ltr'>beatus</span> <span class='ocrx_word' id='word_1_689' title='bbox 1277 5039 1375 5097; x_wconf 82' lang='lat' dir='ltr'>Petnts</span> <span class='ocrx_word' id='word_1_690' title='bbox 1391 5038 1531 5117; x_wconf 86' lang='lat' dir='ltr'>apostolus</span> <span class='ocrx_word' id='word_1_691' title='bbox 1544 5038 1648 5096; x_wconf 84' lang='lat' dir='ltr'>sedenti</span> <span class='ocrx_word' id='word_1_692' title='bbox 1663 5037 1697 5093; x_wconf 88' lang='lat' dir='ltr'>ad</span> <span class='ocrx_word' id='word_1_693' title='bbox 1719 5045 1826 5108; x_wconf 89' lang='lat' dir='ltr'>portam</span> <span class='ocrx_word' id='word_1_694' title='bbox 1846 5040 1952 5110; x_wconf 89' lang='lat' dir='ltr'>specio-</span> 
     </span>
     <span class='ocr_line' id='line_1_49' title="bbox 311 5125 1951 5202; baseline -0.001 -15"><span class='ocrx_word' id='word_1_695' title='bbox 311 5134 405 5195; x_wconf 70' lang='lat' dir='ltr'>putsr</span> <span class='ocrx_word' id='word_1_696' title='bbox 424 5126 562 5183; x_wconf 74' lang='lat' dir='ltr'>lucernam</span> <span class='ocrx_word' id='word_1_697' title='bbox 586 5140 648 5182; x_wconf 74' lang='lat' dir='ltr'>ease</span> <span class='ocrx_word' id='word_1_698' title='bbox 672 5125 781 5191; x_wconf 84' lang='lat' dir='ltr'>dixerit,</span> <span class='ocrx_word' id='word_1_699' title='bbox 801 5134 829 5181; x_wconf 85' lang='lat' dir='ltr'>et</span> <span class='ocrx_word' id='word_1_700' title='bbox 846 5139 931 5194; x_wconf 78' lang='lat' dir='ltr'>quare</span> <span class='ocrx_word' id='word_1_701' title='bbox 954 5140 1017 5181; x_wconf 91' lang='lat' dir='ltr'>eum</span> <span class='ocrx_word' id='word_1_702' title='bbox 1040 5136 1104 5182; x_wconf 90' lang='lat' dir='ltr'>ante</span> <span class='ocrx_word' id='word_1_703' title='bbox 1157 5147 1217 5188; x_wconf 87' lang='lat' dir='ltr'>sam</span> <span class='ocrx_word' id='word_1_704' title='bbox 1232 5129 1325 5202; x_wconf 89' lang='lat' dir='ltr'>templi</span> <span class='ocrx_word' id='word_1_705' title='bbox 1347 5130 1443 5187; x_wconf 89' lang='lat' dir='ltr'>claudo</span> <span class='ocrx_word' id='word_1_706' title='bbox 1460 5145 1494 5186; x_wconf 81' lang='lat' dir='ltr'>ex</span> <span class='ocrx_word' id='word_1_707' title='bbox 1508 5138 1604 5186; x_wconf 85' lang='lat' dir='ltr'>ventre</span> <span class='ocrx_word' id='word_1_708' title='bbox 1627 5127 1723 5189; x_wconf 84' lang='lat' dir='ltr'>matria</span> <span class='ocrx_word' id='word_1_709' title='bbox 1742 5127 1874 5184; x_wconf 76' lang='lat' dir='ltr'>ancolim</span> <span class='ocrx_word' id='word_1_710' title='bbox 1892 5130 1951 5201; x_wconf 87' lang='lat' dir='ltr'>jam</span> 
     </span>
    </p>
   </div>
   <div class='ocr_carea' id='block_1_8' title="bbox 308 5216 1952 6208">
    <p class='ocr_par' dir='ltr' id='par_1_9' title="bbox 308 5216 1952 6208">
     <span class='ocr_line' id='line_1_50' title="bbox 311 5216 1950 5296; baseline -0.001 -20"><span class='ocrx_word' id='word_1_711' title='bbox 311 5219 384 5287; x_wconf 63' lang='lat' dir='ltr'>nittl</span> <span class='ocrx_word' id='word_1_712' title='bbox 396 5217 533 5285; x_wconf 77' lang='lat' dir='ltr'>voluerit,</span> <span class='ocrx_word' id='word_1_713' title='bbox 551 5217 671 5274; x_wconf 89' lang='lat' dir='ltr'>breviter</span> <span class='ocrx_word' id='word_1_714' title='bbox 685 5217 811 5273; x_wconf 86' lang='lat' dir='ltr'>charitati</span> <span class='ocrx_word' id='word_1_715' title='bbox 828 5226 926 5274; x_wconf 72' lang='lat' dir='ltr'>vestra</span> <span class='ocrx_word' id='word_1_716' title='bbox 947 5216 1080 5275; x_wconf 86' lang='lat' dir='ltr'>intimabo</span> <span class='ocrx_word' id='word_1_717' title='bbox 1095 5235 1102 5274; x_wconf 74' lang='grc' dir='ltr'><strong>ε</strong></span> <span class='ocrx_word' id='word_1_718' title='bbox 1157 5224 1238 5281; x_wconf 72' lang='lat' dir='ltr'>debili</span> <span class='ocrx_word' id='word_1_719' title='bbox 1249 5223 1347 5296; x_wconf 82' lang='lat' dir='ltr'>pedum</span> <span class='ocrx_word' id='word_1_720' title='bbox 1358 5238 1469 5279; x_wconf 87' lang='lat' dir='ltr'>suorum</span> <span class='ocrx_word' id='word_1_721' title='bbox 1480 5221 1628 5279; x_wconf 89' lang='lat' dir='ltr'>restitnerit</span> <span class='ocrx_word' id='word_1_722' title='bbox 1642 5219 1798 5280; x_wconf 83' lang='lat' dir='ltr'>tirmitateur</span> <span class='ocrx_word' id='word_1_723' title='bbox 1812 5218 1883 5290; x_wconf 77' lang='lat' dir='ltr'>(Act.</span> <span class='ocrx_word' id='word_1_724' title='bbox 1896 5220 1950 5293; x_wconf 86' lang='grc' dir='ltr'><strong>ιιι),</strong></span> 
     </span>
     <span class='ocr_line' id='line_1_51' title="bbox 310 5311 1950 5398; baseline -0.001 -27"><span class='ocrx_word' id='word_1_725' title='bbox 310 5314 468 5398; x_wconf 63' lang='lat' dir='ltr'>promimus</span> <span class='ocrx_word' id='word_1_726' title='bbox 479 5321 522 5369; x_wconf 91' lang='lat' dir='ltr'>est</span> <span class='ocrx_word' id='word_1_727' title='bbox 530 5312 604 5370; x_wconf 89' lang='lat' dir='ltr'>enirn</span> <span class='ocrx_word' id='word_1_728' title='bbox 618 5311 735 5370; x_wconf 82' lang='lat' dir='ltr'>ioannes</span> <span class='ocrx_word' id='word_1_729' title='bbox 747 5313 821 5368; x_wconf 81' lang='lat' dir='ltr'>velut</span> <span class='ocrx_word' id='word_1_730' title='bbox 834 5327 886 5370; x_wconf 81' lang='lat' dir='ltr'>vor</span> <span class='ocrx_word' id='word_1_731' title='bbox 900 5321 961 5371; x_wconf 88' lang='lat' dir='ltr'>ante</span> <span class='ocrx_word' id='word_1_732' title='bbox 977 5314 1104 5382; x_wconf 79' lang='lat' dir='ltr'>uerbum,</span> <span class='ocrx_word' id='word_1_733' title='bbox 1158 5326 1188 5380; x_wconf 82' lang='lat' dir='ltr'>ut</span> <span class='ocrx_word' id='word_1_734' title='bbox 1199 5318 1271 5389; x_wconf 86' lang='lat' dir='ltr'>quod</span> <span class='ocrx_word' id='word_1_735' title='bbox 1290 5326 1387 5372; x_wconf 89' lang='lat' dir='ltr'>natura</span> <span class='ocrx_word' id='word_1_736' title='bbox 1405 5316 1495 5371; x_wconf 87' lang='lat' dir='ltr'>minus</span> <span class='ocrx_word' id='word_1_737' title='bbox 1513 5313 1682 5379; x_wconf 87' lang='lat' dir='ltr'>contulerat,</span> <span class='ocrx_word' id='word_1_738' title='bbox 1702 5311 1851 5388; x_wconf 89' lang='lat' dir='ltr'>apostolica</span> <span class='ocrx_word' id='word_1_739' title='bbox 1863 5314 1950 5384; x_wconf 89' lang='lat' dir='ltr'>gratia</span> 
     </span>
     <span class='ocr_line' id='line_1_52' title="bbox 311 5400 1951 5481; baseline 0.001 -20"><span class='ocrx_word' id='word_1_740' title='bbox 311 5403 496 5472; x_wconf 70' lang='lat' dir='ltr'>ignorarante</span> <span class='ocrx_word' id='word_1_741' title='bbox 506 5403 602 5472; x_wconf 84' lang='lat' dir='ltr'>solem,</span> <span class='ocrx_word' id='word_1_742' title='bbox 616 5402 920 5476; x_wconf 78' lang='lat' dir='ltr'>praeeantelndlcem,</span> <span class='ocrx_word' id='word_1_743' title='bbox 935 5415 1104 5462; x_wconf 88' lang='lat' dir='ltr'>scrvnsaute</span> <span class='ocrx_word' id='word_1_744' title='bbox 1154 5406 1313 5481; x_wconf 75' lang='lat' dir='ltr'>repararet?</span> <span class='ocrx_word' id='word_1_745' title='bbox 1337 5405 1392 5461; x_wconf 82' lang='lat' dir='ltr'>hut</span> <span class='ocrx_word' id='word_1_746' title='bbox 1413 5403 1475 5476; x_wconf 79' lang='lat' dir='ltr'>puis</span> <span class='ocrx_word' id='word_1_747' title='bbox 1495 5403 1572 5458; x_wconf 87' lang='lat' dir='ltr'>loeus</span> <span class='ocrx_word' id='word_1_748' title='bbox 1591 5416 1690 5476; x_wconf 84' lang='lat' dir='ltr'>expers</span> <span class='ocrx_word' id='word_1_749' title='bbox 1707 5409 1748 5457; x_wconf 81' lang='lat' dir='ltr'>cst</span> <span class='ocrx_word' id='word_1_750' title='bbox 1767 5400 1951 5473; x_wconf 82' lang='lat' dir='ltr'>Epistolarunt</span> 
     </span>
     <span class='ocr_line' id='line_1_53' title="bbox 311 5481 1952 5576; baseline 0.001 -27"><span class='ocrx_word' id='word_1_751' title='bbox 311 5493 460 5558; x_wconf 71' lang='lat' dir='ltr'>deplutum,</span> <span class='ocrx_word' id='word_1_752' title='bbox 474 5494 578 5550; x_wconf 85' lang='lat' dir='ltr'>amicus</span> <span class='ocrx_word' id='word_1_753' title='bbox 589 5481 652 5550; x_wconf 86' lang='lat' dir='ltr'>ante</span> <span class='ocrx_word' id='word_1_754' title='bbox 668 5508 807 5572; x_wconf 88' lang='lat' dir='ltr'>sponsum.</span> <span class='ocrx_word' id='word_1_755' title='bbox 825 5494 859 5557; x_wconf 79' lang='lat' dir='ltr'>lit</span> <span class='ocrx_word' id='word_1_756' title='bbox 870 5496 936 5576; x_wconf 81' lang='lat' dir='ltr'>quia</span> <span class='ocrx_word' id='word_1_757' title='bbox 946 5496 1104 5557; x_wconf 85' lang='lat' dir='ltr'>universum</span> <span class='ocrx_word' id='word_1_758' title='bbox 1155 5497 1249 5562; x_wconf 78' lang='lat' dir='ltr'>Pauli?</span> <span class='ocrx_word' id='word_1_759' title='bbox 1263 5499 1309 5556; x_wconf 92' lang='lat' dir='ltr'>ubi</span> <span class='ocrx_word' id='word_1_760' title='bbox 1323 5497 1404 5553; x_wconf 85' lang='lat' dir='ltr'>rerba</span> <span class='ocrx_word' id='word_1_761' title='bbox 1417 5494 1531 5572; x_wconf 88' lang='lat' dir='ltr'>apostoli</span> <span class='ocrx_word' id='word_1_762' title='bbox 1539 5493 1615 5549; x_wconf 88' lang='lat' dir='ltr'>Pauli</span> <span class='ocrx_word' id='word_1_763' title='bbox 1629 5508 1682 5550; x_wconf 91' lang='lat' dir='ltr'>nou</span> <span class='ocrx_word' id='word_1_764' title='bbox 1696 5491 1838 5565; x_wconf 82' lang='lat' dir='ltr'>leguntur?</span> <span class='ocrx_word' id='word_1_765' title='bbox 1848 5499 1876 5546; x_wconf 89' lang='lat' dir='ltr'>et</span> <span class='ocrx_word' id='word_1_766' title='bbox 1889 5494 1952 5564; x_wconf 83' lang='lat' dir='ltr'>quia</span> 
     </span>
     <span class='ocr_line' id='line_1_54' title="bbox 311 5583 1952 5656; baseline 0.001 -15"><span class='ocrx_word' id='word_1_767' title='bbox 311 5584 441 5650; x_wconf 79' lang='lat' dir='ltr'>mnndum</span> <span class='ocrx_word' id='word_1_768' title='bbox 466 5592 637 5656; x_wconf 84' lang='lat' dir='ltr'>peecatorum</span> <span class='ocrx_word' id='word_1_769' title='bbox 662 5583 833 5654; x_wconf 69' lang='lat' dir='ltr'>tenebraret</span> <span class='ocrx_word' id='word_1_770' title='bbox 857 5600 911 5648; x_wconf 84' lang='lat' dir='ltr'>nox</span> <span class='ocrx_word' id='word_1_771' title='bbox 936 5587 1104 5646; x_wconf 79' lang='lat' dir='ltr'>infidelitatis</span> <span class='ocrx_word' id='word_1_772' title='bbox 1156 5588 1275 5645; x_wconf 87' lang='lat' dir='ltr'>bdelium</span> <span class='ocrx_word' id='word_1_773' title='bbox 1287 5603 1340 5644; x_wconf 91' lang='lat' dir='ltr'>non</span> <span class='ocrx_word' id='word_1_774' title='bbox 1354 5584 1497 5643; x_wconf 89' lang='lat' dir='ltr'>eaiitteris</span> <span class='ocrx_word' id='word_1_775' title='bbox 1510 5583 1659 5656; x_wconf 88' lang='lat' dir='ltr'>inscripsit,</span> <span class='ocrx_word' id='word_1_776' title='bbox 1672 5583 1755 5638; x_wconf 90' lang='lat' dir='ltr'>corde</span> <span class='ocrx_word' id='word_1_777' title='bbox 1765 5583 1873 5645; x_wconf 86' lang='lat' dir='ltr'>retinet,</span> <span class='ocrx_word' id='word_1_778' title='bbox 1886 5598 1952 5642; x_wconf 88' lang='lat' dir='ltr'>con·</span> 
     </span>
     <span class='ocr_line' id='line_1_55' title="bbox 309 5673 1952 5756; baseline -0.001 -23"><span class='ocrx_word' id='word_1_779' title='bbox 309 5685 494 5756; x_wconf 82' lang='lat' dir='ltr'>oppresserat,</span> <span class='ocrx_word' id='word_1_780' title='bbox 506 5684 534 5731; x_wconf 88' lang='lat' dir='ltr'>et</span> <span class='ocrx_word' id='word_1_781' title='bbox 544 5676 629 5733; x_wconf 90' lang='lat' dir='ltr'>solent</span> <span class='ocrx_word' id='word_1_782' title='bbox 639 5675 751 5747; x_wconf 74' lang='lat' dir='ltr'>justitia</span> <span class='ocrx_word' id='word_1_783' title='bbox 761 5677 885 5747; x_wconf 90' lang='lat' dir='ltr'>aspicere</span> <span class='ocrx_word' id='word_1_784' title='bbox 898 5693 952 5734; x_wconf 91' lang='lat' dir='ltr'>nou</span> <span class='ocrx_word' id='word_1_785' title='bbox 965 5678 1103 5752; x_wconf 78' lang='lat' dir='ltr'>valebant,</span> <span class='ocrx_word' id='word_1_786' title='bbox 1156 5680 1311 5736; x_wconf 82' lang='lat' dir='ltr'>versatione</span> <span class='ocrx_word' id='word_1_787' title='bbox 1325 5676 1462 5737; x_wconf 83' lang='lat' dir='ltr'>custoditi</span> <span class='ocrx_word' id='word_1_788' title='bbox 1484 5675 1530 5750; x_wconf 86' lang='lat' dir='ltr'>qui</span> <span class='ocrx_word' id='word_1_789' title='bbox 1550 5674 1650 5730; x_wconf 87' lang='lat' dir='ltr'>Paulus</span> <span class='ocrx_word' id='word_1_790' title='bbox 1667 5690 1683 5729; x_wconf 89' lang='lat' dir='ltr'>a</span> <span class='ocrx_word' id='word_1_791' title='bbox 1698 5673 1814 5734; x_wconf 83' lang='lat' dir='ltr'>Domino</span> <span class='ocrx_word' id='word_1_792' title='bbox 1830 5688 1878 5730; x_wconf 86' lang='lat' dir='ltr'>ras</span> <span class='ocrx_word' id='word_1_793' title='bbox 1896 5674 1952 5730; x_wconf 82' lang='lat' dir='ltr'>elc-</span> 
     </span>
     <span class='ocr_line' id='line_1_56' title="bbox 310 5765 1951 5840; baseline -0.003 -14"><span class='ocrx_word' id='word_1_794' title='bbox 310 5768 408 5832; x_wconf 79' lang='lat' dir='ltr'>icatm</span> <span class='ocrx_word' id='word_1_795' title='bbox 418 5765 538 5825; x_wconf 79' lang='lat' dir='ltr'>ioannes</span> <span class='ocrx_word' id='word_1_796' title='bbox 551 5767 629 5838; x_wconf 88' lang='lat' dir='ltr'>quasi</span> <span class='ocrx_word' id='word_1_797' title='bbox 643 5766 753 5823; x_wconf 88' lang='lat' dir='ltr'>lucerua</span> <span class='ocrx_word' id='word_1_798' title='bbox 765 5768 949 5837; x_wconf 75' lang='lat' dir='ltr'>praemittitur,</span> <span class='ocrx_word' id='word_1_799' title='bbox 963 5777 993 5826; x_wconf 93' lang='lat' dir='ltr'>ut</span> <span class='ocrx_word' id='word_1_800' title='bbox 1011 5772 1102 5826; x_wconf 88' lang='lat' dir='ltr'>cordis</span> <span class='ocrx_word' id='word_1_801' title='bbox 1156 5772 1255 5828; x_wconf 83' lang='lat' dir='ltr'>cilonis</span> <span class='ocrx_word' id='word_1_802' title='bbox 1276 5777 1319 5826; x_wconf 86' lang='lat' dir='ltr'>est</span> <span class='ocrx_word' id='word_1_803' title='bbox 1336 5768 1492 5826; x_wconf 87' lang='lat' dir='ltr'>nominatos</span> <span class='ocrx_word' id='word_1_804' title='bbox 1507 5782 1515 5821; x_wconf 78' lang='lat' dir='ltr'>a</span> <span class='ocrx_word' id='word_1_805' title='bbox 1531 5766 1631 5826; x_wconf 86' lang='lat' dir='ltr'>bonurn</span> <span class='ocrx_word' id='word_1_806' title='bbox 1644 5781 1710 5834; x_wconf 85' lang='lat' dir='ltr'>vas,</span> <span class='ocrx_word' id='word_1_807' title='bbox 1724 5766 1752 5821; x_wconf 91' lang='lat' dir='ltr'>in</span> <span class='ocrx_word' id='word_1_808' title='bbox 1765 5781 1819 5840; x_wconf 82' lang='lat' dir='ltr'>qno</span> <span class='ocrx_word' id='word_1_809' title='bbox 1837 5765 1951 5836; x_wconf 86' lang='lat' dir='ltr'>pretiosi</span> 
     </span>
     <span class='ocr_line' id='line_1_57' title="bbox 308 5856 1951 5942; baseline -0.001 -25"><span class='ocrx_word' id='word_1_810' title='bbox 308 5860 395 5929; x_wconf 76' lang='lat' dir='ltr'>oculi,</span> <span class='ocrx_word' id='word_1_811' title='bbox 410 5860 467 5933; x_wconf 83' lang='lat' dir='ltr'>qui,</span> <span class='ocrx_word' id='word_1_812' title='bbox 483 5858 642 5942; x_wconf 88' lang='lat' dir='ltr'>lippitudine</span> <span class='ocrx_word' id='word_1_813' title='bbox 656 5858 807 5929; x_wconf 75' lang='lat' dir='ltr'>iniquitatis</span> <span class='ocrx_word' id='word_1_814' title='bbox 822 5860 954 5940; x_wconf 84' lang='lat' dir='ltr'>oppressi,</span> <span class='ocrx_word' id='word_1_815' title='bbox 974 5876 1102 5934; x_wconf 89' lang='lat' dir='ltr'>uragunm</span> <span class='ocrx_word' id='word_1_816' title='bbox 1157 5863 1346 5921; x_wconf 88' lang='lat' dir='ltr'>mandatorum</span> <span class='ocrx_word' id='word_1_817' title='bbox 1370 5860 1473 5919; x_wconf 87' lang='lat' dir='ltr'>Christi</span> <span class='ocrx_word' id='word_1_818' title='bbox 1501 5859 1622 5919; x_wconf 84' lang='lat' dir='ltr'>thesauri</span> <span class='ocrx_word' id='word_1_819' title='bbox 1649 5859 1821 5923; x_wconf 87' lang='lat' dir='ltr'>conduntnr;</span> <span class='ocrx_word' id='word_1_820' title='bbox 1849 5856 1951 5916; x_wconf 83' lang='lat' dir='ltr'>bonum</span> 
     </span>
     <span class='ocr_line' id='line_1_58' title="bbox 309 5947 1951 6026; baseline -0.004 -18"><span class='ocrx_word' id='word_1_821' title='bbox 309 5961 339 6018; x_wconf 72' lang='lat' dir='ltr'>gt</span> <span class='ocrx_word' id='word_1_822' title='bbox 351 5967 446 6014; x_wconf 81' lang='lat' dir='ltr'>votum</span> <span class='ocrx_word' id='word_1_823' title='bbox 461 5954 552 6009; x_wconf 89' lang='lat' dir='ltr'>iumen</span> <span class='ocrx_word' id='word_1_824' title='bbox 566 5952 658 6009; x_wconf 85' lang='lat' dir='ltr'>ridere</span> <span class='ocrx_word' id='word_1_825' title='bbox 674 5967 728 6009; x_wconf 91' lang='lat' dir='ltr'>nou</span> <span class='ocrx_word' id='word_1_826' title='bbox 741 5959 882 6024; x_wconf 90' lang='lat' dir='ltr'>poterant,</span> <span class='ocrx_word' id='word_1_827' title='bbox 899 5953 934 6008; x_wconf 87' lang='lat' dir='ltr'>ad</span> <span class='ocrx_word' id='word_1_828' title='bbox 950 5948 1042 6010; x_wconf 84' lang='lat' dir='ltr'>lumen</span> <span class='ocrx_word' id='word_1_829' title='bbox 1058 5952 1101 6012; x_wconf 91' lang='lat' dir='ltr'>tu·</span> <span class='ocrx_word' id='word_1_830' title='bbox 1156 5955 1250 6026; x_wconf 80' lang='lat' dir='ltr'>utique</span> <span class='ocrx_word' id='word_1_831' title='bbox 1264 5969 1322 6018; x_wconf 85' lang='lat' dir='ltr'>tas,</span> <span class='ocrx_word' id='word_1_832' title='bbox 1340 5953 1374 6009; x_wconf 90' lang='lat' dir='ltr'>de</span> <span class='ocrx_word' id='word_1_833' title='bbox 1387 5950 1465 6021; x_wconf 79' lang='lat' dir='ltr'>cujus</span> <span class='ocrx_word' id='word_1_834' title='bbox 1480 5951 1646 6021; x_wconf 91' lang='lat' dir='ltr'>plenitudine</span> <span class='ocrx_word' id='word_1_835' title='bbox 1658 5949 1809 6006; x_wconf 87' lang='lat' dir='ltr'>substantia</span> <span class='ocrx_word' id='word_1_836' title='bbox 1822 5947 1886 6004; x_wconf 75' lang='lat' dir='ltr'>ritae</span> <span class='ocrx_word' id='word_1_837' title='bbox 1901 5962 1951 6018; x_wconf 91' lang='lat' dir='ltr'>po-</span> 
     </span>
     <span class='ocr_line' id='line_1_59' title="bbox 309 6037 1949 6120; baseline -0.005 -20"><span class='ocrx_word' id='word_1_838' title='bbox 309 6056 400 6107; x_wconf 82' lang='lat' dir='ltr'>ccrnto</span> <span class='ocrx_word' id='word_1_839' title='bbox 412 6042 530 6116; x_wconf 81' lang='lat' dir='ltr'>primunt</span> <span class='ocrx_word' id='word_1_840' title='bbox 541 6041 619 6113; x_wconf 83' lang='lat' dir='ltr'>quasi</span> <span class='ocrx_word' id='word_1_841' title='bbox 631 6050 739 6101; x_wconf 73' lang='lat' dir='ltr'>munem</span> <span class='ocrx_word' id='word_1_842' title='bbox 753 6041 922 6113; x_wconf 84' lang='lat' dir='ltr'>splendorem</span> <span class='ocrx_word' id='word_1_843' title='bbox 932 6042 1025 6100; x_wconf 87' lang='lat' dir='ltr'>videre</span> <span class='ocrx_word' id='word_1_844' title='bbox 1037 6051 1102 6100; x_wconf 85' lang='lat' dir='ltr'>coit-</span> <span class='ocrx_word' id='word_1_845' title='bbox 1155 6045 1226 6117; x_wconf 91' lang='lat' dir='ltr'>pulis</span> <span class='ocrx_word' id='word_1_846' title='bbox 1240 6060 1347 6117; x_wconf 85' lang='lat' dir='ltr'>semper</span> <span class='ocrx_word' id='word_1_847' title='bbox 1358 6055 1494 6117; x_wconf 82' lang='lat' dir='ltr'>erogatur,</span> <span class='ocrx_word' id='word_1_848' title='bbox 1507 6051 1535 6099; x_wconf 91' lang='lat' dir='ltr'>et</span> <span class='ocrx_word' id='word_1_849' title='bbox 1548 6042 1656 6120; x_wconf 86' lang='lat' dir='ltr'>plenum</span> <span class='ocrx_word' id='word_1_850' title='bbox 1671 6049 1722 6097; x_wconf 88' lang='lat' dir='ltr'>est.</span> <span class='ocrx_word' id='word_1_851' title='bbox 1744 6039 1825 6110; x_wconf 79' lang='lat' dir='ltr'>Ergo,</span> <span class='ocrx_word' id='word_1_852' title='bbox 1840 6037 1949 6104; x_wconf 86' lang='lat' dir='ltr'>iratres,</span> 
     </span>
     <span class='ocr_line' id='line_1_60' title="bbox 310 6127 1949 6208; baseline -0.004 -16"><span class='ocrx_word' id='word_1_853' title='bbox 310 6144 480 6208; x_wconf 73' lang='lat' dir='ltr'>suescercpt,</span> <span class='ocrx_word' id='word_1_854' title='bbox 500 6144 528 6193; x_wconf 91' lang='lat' dir='ltr'>et</span> <span class='ocrx_word' id='word_1_855' title='bbox 547 6135 677 6206; x_wconf 88' lang='lat' dir='ltr'>paulatim</span> <span class='ocrx_word' id='word_1_856' title='bbox 693 6143 865 6207; x_wconf 88' lang='lat' dir='ltr'>pcccatorum</span> <span class='ocrx_word' id='word_1_857' title='bbox 878 6133 970 6203; x_wconf 83' lang='lat' dir='ltr'>nubilo</span> <span class='ocrx_word' id='word_1_858' title='bbox 985 6143 1100 6202; x_wconf 89' lang='lat' dir='ltr'>remoto,</span> <span class='ocrx_word' id='word_1_859' title='bbox 1156 6136 1287 6198; x_wconf 63' lang='lat' dir='ltr'>martinus</span> <span class='ocrx_word' id='word_1_860' title='bbox 1300 6135 1424 6192; x_wconf 81' lang='lat' dir='ltr'>Christus</span> <span class='ocrx_word' id='word_1_861' title='bbox 1437 6134 1534 6190; x_wconf 87' lang='lat' dir='ltr'>merito</span> <span class='ocrx_word' id='word_1_862' title='bbox 1547 6133 1596 6188; x_wconf 81' lang='lat' dir='ltr'>lios</span> <span class='ocrx_word' id='word_1_863' title='bbox 1610 6131 1677 6186; x_wconf 90' lang='lat' dir='ltr'>duos</span> <span class='ocrx_word' id='word_1_864' title='bbox 1691 6127 1827 6205; x_wconf 86' lang='lat' dir='ltr'>apostolos</span> <span class='ocrx_word' id='word_1_865' title='bbox 1837 6127 1864 6181; x_wconf 90' lang='lat' dir='ltr'>iu</span> <span class='ocrx_word' id='word_1_866' title='bbox 1875 6136 1949 6187; x_wconf 78' lang='lat' dir='ltr'>cccltt</span> 
     </span>
    </p>
   </div>
   <div class='ocr_carea' id='block_1_9' title="bbox 0 0 2254 6837">
    <p class='ocr_par' dir='ltr' id='par_1_10' title="bbox 0 0 2254 6837">
     <span class='ocr_line' id='line_1_61' title="bbox 0 0 2254 6837; baseline 0 0"><span class='ocrx_word' id='word_1_867' title='bbox 0 0 2254 6837; x_wconf 95' lang='lat' dir='ltr'> </span> 
     </span>
    </p>
   </div>
  </div>
 </body>
</html>
