4500 6842
307 617 341 672 Γ)
786 610 938 671 ttottttlAE
960 611 1002 668 on
1021 607 1140 666 nesus
1157 604 1366 691 enitentis
1387 602 1462 661 otc.
1901 607 1935 665 ll

305 727 375 798 xxv).
401 724 436 781 Et
456 723 599 796 Apostolus
615 743 621 778 :
640 723 739 789 Nolite,
759 724 855 796 inquit,
877 722 1001 778 inebriari
1024 721 1093 786 rino,
1108 725 1298 791 ,qcoronarct
1321 717 1389 772 lluic
1403 724 1493 771 autem
1506 714 1592 785 operi,
1607 711 1793 779 dilectissimi,
1808 728 1869 769 enm
1881 729 1940 770 om

236 818 243 831 '
304 822 334 875 in
347 838 398 891 qno
417 830 455 875 ert
476 819 600 883 luxuum
615 828 643 875 et
659 818 756 873 iterum
770 836 776 871 :
788 818 828 871 da
847 816 950 870 nescitis
967 814 1028 884 qaia
1045 812 1097 868 irti-
1148 811 1193 864 nia
1218 815 1368 879 opportuna
1386 808 1440 862 sint
1462 816 1602 876 tempora,
1628 806 1679 860 boe
1707 819 1778 859 nnnc
1803 804 1940 875 praecipue

304 911 350 981 qni
363 925 470 981 regnam
485 908 532 963 bei
547 923 598 963 nou
616 906 807 979 possidebant?
825 905 916 960 Nolite
930 919 1097 968 errarem·
1148 908 1239 970 aptum
1260 906 1301 953 εει
1321 904 1402 967 atque
1422 896 1596 960 covvveuiens,
1619 894 1647 948 in
1671 909 1724 962 quo
1744 894 1830 949 sancti
1847 901 1940 963 patres

304 1014 356 1068 qne
367 998 515 1068 fornicarii,
529 1012 612 1067 neqve
622 996 699 1051 idolis
712 997 862 1061 servientes,
879 1010 960 1065 ueqoe
972 992 1096 1058 adulteri,
1148 988 1243 1053 nostri,
1258 1003 1308 1058 per
1322 987 1407 1058 legem
1420 987 1544 1041 instructi
1559 1002 1591 1042 ac
1604 986 1733 1041 divinitus
1745 985 1879 1056 inspirati,
1892 985 1941 1041 de·

305 1103 388 1160 aeque
398 1086 501 1152 molter,
516 1102 598 1157 neque
615 1086 793 1142 maeatarum
810 1084 999 1149 corveubitorea,
1017 1099 1098 1154 neque
1148 1079 1211 1134 cimi
1225 1078 1325 1133 ratensis
1339 1091 1454 1132 sanxere
1464 1075 1612 1145 jejunium,
1627 1085 1656 1131 ut
1669 1077 1788 1130 oninium
1803 1074 1940 1130 fructuum

305 1176 388 1245 fares,
402 1189 485 1247 aeque
497 1176 579 1239 etun,
596 1191 677 1245 neque
690 1175 797 1241 ebriosi,
810 1189 891 1245 neque
907 1172 1037 1233 maledici,
1053 1187 1099 1227 ae.
1148 1167 1307 1224 collectione
1332 1167 1479 1232 eonclusa,
1505 1166 1673 1221 rationabilis
1694 1166 1749 1221 beo
1776 1165 1940 1222 abstinentia

303 1283 356 1338 que
376 1282 494 1337 rapaces,
512 1282 621 1337 reguum
642 1264 693 1320 Dei
711 1264 888 1336 possidebunt.
917 1264 949 1319 Et
967 1263 1098 1334 propheta
1149 1259 1296 1323 dicaretur,
1311 1266 1338 1314 et
1352 1259 1519 1314 meminisset
1534 1259 1647 1329 quisque
1663 1259 1699 1313 ita
1714 1259 1943 1334 ιιιιιιὶιιιιιιιιιιιιίεἸ

305 1360 394 1415 dicit:
416 1357 460 1413 l'rc
471 1358 516 1429 qvi
527 1358 683 1428 consurgitis
695 1356 817 1411 mamad
831 1357 981 1411 ebrietatem
996 1364 1099 1409 rectru-
1148 1358 1178 1404 ut
1189 1359 1218 1405 et
1229 1350 1300 1405 cirea
1320 1364 1349 1404 se
1366 1349 1554 1414 abstinentior,
1578 1357 1605 1404 et
1628 1349 1700 1404 circa
1721 1362 1852 1419 paauperes
1870 1357 1944 1406 estet

305 1451 368 1505 daur
383 1460 408 1505 et
420 1449 564 1520 potandam
573 1465 653 1520 arqrre
668 1448 703 1503 ed
717 1465 859 1519 vesperum,
873 1457 902 1501 nt
914 1448 973 1502 citro
984 1445 1098 1502 marcetis
1148 1439 1267 1497 effusior.
1292 1439 1481 1496 Elilcacissima
1504 1440 1576 1495 enirn
1593 1441 1773 1511 propeccatis
1788 1440 1942 1509 deprecatio

306 1540 377 1613 (lan.
391 1540 435 1611 v);
456 1549 484 1594 ει
504 1540 624 1595 iterum:
645 1537 692 1594 te
710 1538 792 1604 vobin
815 1539 912 1608 inquit,
924 1538 969 1607 qni
984 1546 1099 1607 potenter
1149 1531 1231 1586 estin
1248 1529 1425 1602 eleemosynis
1437 1539 1517 1599 atvpte
1527 1529 1647 1599 iervniis,
1661 1538 1688 1584 ct
1702 1529 1831 1586 uelociter
1848 1531 1883 1587 ad
1901 1533 1943 1588 di·

305 1635 368 1688 eatis
378 1633 412 1686 ad
424 1631 562 1685 bibendam
576 1632 672 1696 duum,
686 1640 711 1683 et
725 1632 775 1684 oiri
788 1631 867 1699 [ortes
886 1628 920 1683 ad
941 1627 1098 1681 miscendam
1149 1622 1226 1676 tinas
1247 1622 1405 1676 conscendit
1422 1636 1503 1676 aures
1518 1621 1616 1676 talibus
1630 1622 1717 1676 oratio
1730 1622 1832 1677 elevata
1847 1620 1944 1679 suffra·

304 1722 456 1775 ebrietmm
474 1719 579 1791 (tom).
602 1719 695 1789 ltaque
713 1719 865 1787 quicunque
886 1717 920 1771 ad
941 1717 1099 1772 cinietatcm
1150 1713 1212 1783 giis,
1223 1721 1249 1768 et
1263 1712 1329 1767 uilul
1341 1723 1383 1767 est
1396 1712 1607 1782 uuiuscujusque
1623 1723 1676 1767 tam
1690 1714 1845 1783 proprium,
1860 1729 1942 1785 quam

306 1823 409 1879 pronus
424 1806 514 1876 luerit,
530 1818 557 1864 et
575 1808 642 1863 alios
663 1808 697 1864 ad
720 1808 771 1862 hoc
796 1807 921 1876 adjurare
940 1807 982 1861 vel
1005 1821 1100 1876 eogere
1149 1807 1221 1877 quod
1243 1807 1372 1877 impendit
1394 1807 1421 1861 in
1445 1807 1607 1876 proximum.
1632 1807 1699 1861 Pars
1720 1808 1793 1862 cuim
1816 1821 1943 1877 corporo·

306 1899 439 1965 voluerit,
452 1907 479 1953 ει
490 1914 540 1969 pro
550 1913 580 1953 se
592 1906 620 1953 et
631 1913 680 1968 pro
692 1898 745 1953 illis
759 1898 786 1951 in
800 1897 842 1951 die
851 1896 945 1966 judicii
959 1911 1021 1952 rens
1034 1897 1098 1961 erit,
1150 1899 1215 1955 lium
1229 1898 1387 1956 lactrltatum
1400 1917 1460 1971 qua¹
1473 1901 1654 1972 indigentibus
1669 1901 1847 1966 ministratur,
1861 1903 1889 1957 in
1903 1902 1945 1957 di-

307 2000 335 2046 et
357 1991 473 2046 ὓοιιιίιιο
491 1991 586 2046 reddet
605 1991 747 2046 rationem.
770 1989 823 2045 Sed
836 1991 899 2060 quia
916 2006 987 2045 itanc
999 1989 1100 2045 Natalis
1150 1991 1230 2046 vitias
1244 1982 1340 2047 transit
1352 2000 1477 2047 aeternas.
1496 1991 1588 2062 lgitnr,
1604 1989 1711 2056 iratres,
1725 1993 1876 2061 suscepturi
1889 1991 1944 2047 Na·

308 2081 414 2136 Maniai
434 2081 567 2145 imminet,
587 2080 696 2148 iratres,
722 2080 756 2136 ab
776 2082 850 2136 omni
874 2081 1001 2135 vitiorum
1022 2082 1101 2135 sorde
1116 2084 1139 2142 ll
1155 2084 1234 2139 talem
1250 2084 1365 2149 Domini,
1383 2086 1417 2140 ab
1431 2085 1504 2138 omni
1523 2099 1571 2138 nos
1588 2084 1747 2138 delictorum
1767 2083 1832 2139 iaece
1847 2099 1946 2156 purge·

308 2190 358 2228 vos
370 2174 509 2239 mundate,
526 2188 558 2229 ac
576 2173 655 2229 bonis
673 2174 800 2243 operibus
817 2174 963 2230 studiosius
973 2189 1021 2229 vos
1032 2188 1101 2243 prac-
1150 2190 1210 2229 mus
1229 2193 1235 2227 :
1254 2174 1406 2244 repleamus
1426 2175 1568 2229 thesauros
1582 2169 1640 2241 ejus
1654 2174 1821 2229 diversumm
1845 2190 1942 2230 mnne-

308 2263 580 2332 paratezcastitatem
590 2278 651 2318 curn
661 2264 777 2334 propriis
787 2263 916 2319 uxoribus
926 2273 1099 2328 conservate;
1151 2280 1209 2319 nun
1226 2265 1314 2329 donis,
1331 2272 1360 2318 ut
1378 2265 1404 2319 in
1422 2264 1465 2318 die
1484 2272 1577 2318 saneta
1591 2264 1626 2319 sit
1639 2264 1709 2319 narde
1725 2265 1860 2335 peregrini
1872 2265 1944 2320 acci-

309 2355 409 2410 nnllius
419 2370 476 2411 rem
490 2363 538 2410 ant
549 2370 660 2411 uxorem
676 2355 871 2426 concupiscite;
886 2355 988 2410 nemini
999 2352 1100 2425 aliquid
1151 2356 1237 2426 piant,
1251 2356 1514 2420 reiciantnrvidnae,
1529 2370 1662 2425 pauperes
1677 2355 1838 2420 vestiantur,
1852 2363 1882 2410 ut
1895 2370 1945 2426 per

306 2460 359 2515 per
372 2444 427 2498 vim
439 2452 484 2499 aut
497 2443 620 2499 fraudem
639 2442 755 2511 aulerte;
780 2444 814 2499 ad
837 2442 987 2499 conviviola
1010 2450 1100 2498 vestra
1150 2445 1250 2501 multos
1262 2446 1411 2517 gratiarum
1423 2445 1494 2501 aetio
1509 2443 1643 2500 reicratur
1663 2444 1720 2501 Deo
1742 2461 1792 2515 pro
1811 2447 1899 2514 nobis,
1917 2455 1946 2503 et

307 2551 443 2608 pauperes
469 2535 637 2608 frequentius
657 2544 796 2603 revocate;
820 2537 854 2592 ad
876 2535 981 2607 vigilias
1009 2550 1101 2591 sacras
1151 2535 1200 2591 liat
1222 2537 1323 2592 oblatio
1349 2545 1442 2593 nostra
1467 2535 1634 2592 sanctificata
1663 2536 1690 2591 in
1714 2535 1815 2608 Spiritu
1840 2545 1945 2594 sancto.

308 2628 443 2683 matarius
464 2627 620 2692 conuenite3
640 2626 667 2681 iu
687 2625 801 2682 ecelesia
823 2633 934 2694 stantes,
958 2633 1005 2681 ant
1024 2633 1101 2681 orate
1151 2623 1252 2693 Quarta
1268 2626 1351 2696 igitur
1366 2633 1484 2682 etsexta
1503 2625 1569 2680 lenia
1585 2624 1611 2679 in
1629 2625 1757 2695 praesenti
1778 2625 1946 2684 bebdomada

308 2727 357 2773 aut
369 2718 492 2788 psallite;
506 2718 585 2773 verba
600 2717 685 2773 otiosa
705 2726 752 2772 aut
774 2716 898 2774 scurrilia
921 2731 971 2773 nec
993 2718 1045 2789 ipsi
1064 2716 1101 2773 ibi
1148 2714 1302 2787 ieiunemus
1318 2730 1326 2770 ι
1342 2714 1455 2770 sabbato
1467 2723 1558 2770 autem
1570 2716 1649 2786 digne
1661 2712 1763 2785 jejunia
1774 2718 1947 2773 exsolventes

308 2827 342 2866 ει
358 2824 406 2864 ove
421 2817 512 2864 vestro
525 2807 653 2880 prolerre,
668 2818 696 2864 et
705 2824 752 2864 eos
765 2810 811 2878 qui
825 2807 946 2880 prolerre
957 2809 1101 2873 voluerint,
1152 2806 1396 2862 sacratissimarum
1411 2806 1541 2861 solemnia
1552 2805 1622 2875 apud
1633 2812 1788 2859 sanctorum
1802 2805 1943 2876 reliquiar,

308 2903 456 2972 castigate;
478 2916 573 2971 pacem
590 2916 652 2955 cum
666 2900 792 2955 omatibus
809 2898 915 2963 habete,
929 2907 957 2955 ει
969 2914 1037 2969 quos
1047 2898 1101 2954 die
1152 2898 1237 2970 quiin
1251 2897 1302 2953 hoc
1312 2908 1407 2953 saneto
1418 2897 1477 2953 loco
1488 2905 1659 2963 venerantur,
1671 2897 1751 2952 simul
1762 2898 1945 2958 celebremus:

308 2989 408 3044 cordes
428 2988 594 3060 agnoscitis,
619 2987 653 3043 ad
682 2987 853 3044 concordiam
879 2994 1012 3043 revocate.
1039 2985 1102 3044 lice
1152 2998 1180 3046 et
1197 2990 1316 3045 maxime
1332 2990 1403 3058 apud
1413 2989 1499 3045 saneti
1514 2988 1588 3044 Petri
1599 2989 1712 3059 apostoli
1727 2990 1897 3057 memoriam,
1911 2991 1948 3048 ad

309 3083 427 3139 dvleliter
438 3083 460 3138 si
471 3082 610 3138 volueritis
623 3080 731 3139 Christo
743 3078 886 3150 adjuvante
898 3079 1020 3151 implere,
1034 3088 1063 3136 et
1074 3080 1102 3136 in
1152 3082 1229 3155 cnjus
1245 3081 1459 3137 sacratissimum
1478 3095 1576 3149 corpus
1595 3080 1674 3136 istius
1687 3079 1740 3135 diei
1757 3078 1874 3136 odicium
1889 3081 1947 3137 llo·

309 3176 364 3231 lroc
377 3174 474 3230 saeculo
489 3177 523 3230 ad
539 3173 625 3229 altare
644 3173 748 3228 Dovmrd
769 3188 830 3227 cum
849 3187 943 3228 secura
962 3171 1102 3228 conscien-
1153 3190 1233 3230 mana
1255 3173 1385 3246 persolvit
1411 3173 1542 3228 Ecclesia.
1573 3171 1623 3227 llic
1647 3172 1730 3243 igitur
1757 3172 1947 3228 sanctissimus

310 3266 346 3319 tia
360 3265 482 3335 poteritis
493 3265 629 3327 accedere,
643 3272 671 3319 et
682 3262 710 3318 in
723 3261 813 3318 luuvro
826 3262 860 3317 ad
873 3262 1002 3318 aternam
1017 3263 1102 3319 beati·
1153 3263 1291 3336 apostolus
1312 3279 1374 3321 eum
1396 3264 1502 3318 caeteris
1524 3262 1626 3317 sanctis
1649 3262 1697 3316 bei
1712 3255 1773 3333 isle
1790 3263 1948 3332 experimur

310 3356 431 3410 tudinem
441 3354 556 3410 feliciter
567 3354 719 3425 pervenire.
1153 3365 1182 3413 ει
1193 3353 1340 3429 credimus)
1354 3370 1404 3425 pro
1417 3353 1612 3409 commendatis
1627 3353 1678 3408 sibi
1693 3368 1708 3407 a
1723 3353 1835 3409 licutino
1850 3354 1947 3411 ovibus

595 3445 736 3503 noltttta
762 3445 806 3501 lll.
1114 3438 1507 3518 Cindesiuenterpastovales
1522 3446 1668 3516 praetendit
1690 3444 1829 3511 excubias,
1852 3461 1949 3502 exora-

510 3552 543 3593 ns
563 3553 669 3594 ιιιιιιειο
691 3552 781 3592 oscum
804 3552 905 3593 nensis.
1152 3544 1228 3592 turus
1241 3537 1474 3608 deprecationibus
1484 3536 1542 3590 suis
1552 3544 1582 3590 ιιι
1592 3535 1712 3591 Ecclesia
1723 3535 1781 3601 bei,
1791 3551 1852 3607 quaa
1865 3536 1950 3607 ipsios

347 3643 361 3672 ⁸
380 3630 538 3686 Sublimitas
555 3630 676 3701 quidem,
691 3629 869 3696 dilectissimi,
886 3630 980 3702 gratiae
992 3631 1039 3686 bei
1050 3632 1102 3689 hoc
1151 3636 1193 3683 est
1205 3626 1443 3697 praedicationibus
1458 3627 1599 3692 instituta,
1613 3626 1648 3681 ab
1661 3628 1735 3681 omni
1752 3642 1845 3683 errove
1864 3628 1900 3685 sit
1917 3627 1951 3683 li·

308 3725 433 3795 quotidie
451 3723 621 3794 operatorio
641 3723 768 3779 cordibus
784 3724 957 3788 Christianis,
974 3733 1004 3779 nt
1022 3739 1102 3781 omne
1152 3717 1217 3773 lbera
1234 3725 1262 3774 el
1279 3718 1306 3772 in
1322 3725 1397 3773 rocla
1415 3715 1467 3772 fide
1489 3731 1521 3771 ac
1541 3716 1611 3772 bono
1623 3731 1704 3787 opere
1718 3726 1874 3788 perseveret
1885 3717 1951 3775 soli·

309 3813 474 3871 desiderim
487 3822 610 3869 nostrum
622 3827 638 3866 a
650 3813 766 3869 terrenis
776 3814 810 3869 ad
824 3814 944 3870 coelestia
958 3814 1103 3870 transiera—
1153 3808 1224 3864 data.

312 3915 367 3959 tur.
387 3904 442 3960 Sed
453 3904 536 3960 etiam
548 3918 666 3973 presens
678 3903 733 3958 vita
746 3919 795 3973 per
811 3904 949 3961 Creatoris
960 3921 1038 3976 opern
1049 3905 1103 3962 du·
1445 3898 1586 3955 llObllLlA
1615 3899 1658 3954 lll-

310 3995 392 4060 citur,
417 4001 445 4048 et
465 4009 514 4064 per
539 3993 834 4063 ipsius'provielentiam
857 3994 1024 4051 sustinetur:
1039 3998 1102 4068 qnia
1252 4010 1285 4048 nc
1306 4008 1403 4048 uurmt
1424 4007 1516 4047 novum
1536 4007 1633 4047 nosrru
1653 4007 1713 4047 rese
1732 4007 1848 4048 cvravsrv.

311 4088 384 4142 idem
403 4085 516 4157 largiter
535 4093 577 4141 est
602 4085 806 4156 temporalium,
828 4087 873 4157 qui
892 4088 1043 4158 promissor
1060 4099 1104 4145 εει
1190 4091 1266 4162 llogo
1279 4106 1337 4155 vos,
1354 4089 1451 4144 iratres
1464 4088 1626 4153 atrocissimi,
1641 4096 1670 4142 ut
1683 4088 1776 4144 libenti
1790 4090 1950 4149 animoscr·

310 4189 485 4235 aeternorum.
513 4177 649 4249 Quidquid
664 4193 730 4249 ergo
745 4177 779 4233 ad
795 4195 860 4234 usus
875 4180 1013 4235 bominum
1027 4195 1104 4252 sege-
1156 4194 1249 4234 mones
1263 4194 1330 4248 quos
1344 4178 1472 4232 Dominus
1489 4177 1574 4241 dabit,
1592 4178 1746 4248 stranipiatis
1771 4180 1798 4235 iu
1821 4182 1872 4237 bae
1890 4182 1951 4240 dul-

311 4281 363 4338 ιεε,
384 4271 480 4336 vinee,
499 4268 617 4339 oleaeque
635 4270 799 4341 pepererint,
812 4278 898 4326 totum
916 4271 966 4326 lroc
983 4271 1103 4328 aditina
1156 4270 1264 4326 cissirua
1277 4269 1330 4333 die,
1347 4269 1373 4323 in
1391 4282 1445 4338 qna
1459 4268 1631 4338 compunctio
1650 4270 1731 4324 etiam
1751 4270 1904 4330 inildelibos
1920 4281 1950 4332 et

312 4363 432 4418 lvorvitate
448 4359 585 4432 produxit,
604 4375 672 4430 quae,
693 4359 886 4416 elementomm
909 4360 1038 4431 qualitate
1057 4376 1104 4417 va·
1156 4360 1342 4431 peccatoribus
1366 4360 1439 4414 vertit
1459 4377 1466 4413 ι
1485 4357 1512 4414 in
1539 4376 1593 4429 qua
1618 4362 1804 4419 misericordia
1829 4367 1951 4438 tangitur

313 4453 391 4515 aiau,
408 4452 504 4506 dubios
521 4450 700 4521 agricolarum
713 4449 820 4506 labores
832 4450 979 4506 clementer
991 4450 1102 4519 adjuvit,
1157 4453 1265 4523 impius,
1279 4451 1385 4506 ueniam
1398 4459 1490 4521 sperat
1502 4461 1687 4521 compunctus,
1703 4455 1818 4509 reditum
1832 4471 1886 4512 nou
1899 4458 1949 4516 de·

312 4552 344 4598 ιιι
363 4542 523 4598 utilitatibus
543 4542 643 4597 nostris
668 4541 740 4596 venti
763 4551 791 4595 ει
813 4541 933 4607 imbres,
956 4539 1055 4613 lvigura
1077 4552 1106 4598 ct
1157 4552 1248 4617 sperat
1261 4545 1394 4613 captivus,
1409 4544 1558 4599 remedium
1574 4545 1709 4601 desiderat
1728 4548 1902 4616 vulneratus;
1920 4551 1950 4608 iu

312 4644 406 4699 aestus,
420 4635 532 4704 diesque
548 4640 694 4702 noctesque
711 4631 853 4687 servirent.
880 4631 939 4687 Non
957 4634 1030 4688 euim
1053 4633 1104 4689 sibi
1157 4651 1209 4706 qua
1224 4635 1345 4690 nascitur
1357 4634 1446 4704 Agaue
1466 4635 1511 4704 qui
1530 4634 1598 4688 tollit
1619 4645 1724 4706 peecata
1748 4638 1839 4691 mnudi
1857 4638 1953 4710 lim..

312 4728 348 4782 ad
361 4725 473 4781 allectus
483 4740 595 4797 operum
610 4739 720 4780 suorum
734 4724 803 4779 ratio
821 4724 937 4780 hnmana
960 4724 1103 4790 svrillcerct,
1159 4728 1190 4800 ι).
1211 4726 1334 4783 Christus
1351 4726 1444 4796 utiquc
1462 4725 1587 4780 Salvator
1600 4734 1703 4790 noster,
1719 4727 1745 4781 in
1760 4726 1838 4795 civius
1852 4730 1951 4786 natlrl-

313 4820 366 4874 uisi
389 4818 600 4888 plantationibus
616 4825 644 4873 et
663 4816 839 4887 rigationibus
858 4817 946 4873 solitis
968 4818 1038 4873 lleus
1062 4820 1103 4875 in·
1118 4790 1143 4849 ⁰
1158 4825 1222 4883 tate,
1242 4816 1288 4887 qui
1305 4816 1496 4872 conscientiam
1515 4829 1637 4869 securam
1654 4815 1744 4880 babet,
1763 4817 1868 4873 dulcius
1882 4831 1950 4891 gau-

312 4898 452 4964 erernent'a
466 4911 608 4978 preberet.
639 4905 715 4963 Unde
729 4905 837 4977 plenum
849 4908 958 4981 pietatis
970 4916 1051 4978 atque
1059 4906 1103 4977 ja·
1156 4909 1217 4973 det;
1241 4907 1287 4977 qui
1307 4906 1445 4971 miseram,
1463 4905 1593 4959 attentius
1613 4905 1706 4967 timet:
1726 4908 1773 4975 qui
1793 4908 1950 4974 bonusest,

313 5000 398 5054 stitia
419 5007 470 5063 est,
498 5007 528 5054 ut
549 5000 582 5055 de
601 4999 644 5054 bis
662 5013 722 5068 quse
737 4996 814 5052 nobis
828 4997 947 5053 eoelestis
958 4998 1039 5053 Pater
1050 4998 1102 5052 mi·
1157 4999 1303 5054 affectuose
1314 5006 1389 5063 orat;
1403 4998 1449 5067 qni
1463 5003 1600 5066 peccator,
1615 4998 1787 5053 devotissime
1799 4998 1948 5069 supplicat:

313 5085 490 5141 sericorditer
508 5085 632 5149 eontulit,
657 5100 707 5139 nos
726 5099 833 5155 quoque
848 5084 917 5141 alios
936 5085 1102 5155 avljnvemns.
1157 5089 1242 5144 ‹lvvleis
1256 5088 1399 5152 dissuere
1417 5086 1511 5151 dulcis,
1527 5096 1553 5141 et
1566 5089 1672 5143 cunctis
1690 5090 1884 5160 penitentibus
1900 5107 1949 5151 re·

314 5175 390 5231 Sient
407 5175 499 5248 [Sunt]
514 5175 587 5231 enlin
600 5174 708 5247 plurimi
722 5176 768 5245 qui
784 5175 884 5230 nullam
899 5176 926 5231 in
946 5176 1027 5247 agris,
1044 5176 1103 5231 nul·
1157 5181 1229 5235 vuiavn
1243 5187 1363 5248 portans.
1384 5178 1517 5233 Pronvitto
1527 5179 1614 5244 vobis,
1631 5180 1715 5246 lilioli,
1730 5192 1757 5235 et
1769 5191 1861 5240 certus
1876 5199 1949 5250 som,

314 5270 370 5323 laun
390 5270 415 5323 in
440 5268 537 5334 eineis,
559 5269 658 5323 nullam
682 5269 782 5325 liabent
806 5270 833 5325 in
855 5270 921 5325 oleis
942 5270 1103 5341 portionem,
1158 5272 1220 5342 quia
1234 5274 1260 5327 in
1274 5274 1325 5328 lrac
1339 5272 1383 5327 die
1394 5273 1416 5327 si
1432 5274 1493 5342 quis
1503 5290 1536 5329 ει
1548 5275 1630 5329 corde
1641 5278 1807 5345 paenituerit,
1821 5288 1848 5335 ει
1858 5280 1951 5336 advo·

314 5375 431 5431 quaerum
452 5360 560 5430 inopiae,
575 5360 608 5415 de
622 5374 654 5414 ea
678 5375 759 5430 quarn
778 5360 907 5415 Donrinus
925 5360 998 5416 dcdit
1016 5360 1103 5430 copia,
1158 5365 1253 5419 mitum
1272 5364 1375 5435 peccati
1394 5380 1519 5421 reversus
1532 5383 1584 5422 non
1598 5366 1688 5434 luerit,
1704 5372 1885 5443 quodcunque
1898 5387 1948 5443 pe-

312 5452 509 5508 consnlendum
523 5460 579 5516 est;
593 5461 622 5506 ut
637 5459 665 5507 et
677 5452 726 5522 ipsi
739 5452 880 5507 nobiscum
893 5452 948 5507 llco
961 5467 1010 5521 pro
1025 5460 1104 5507 terre
1158 5456 1231 5511 tierit
1244 5457 1352 5512 dabitur
1365 5455 1401 5522 ei,
1416 5464 1519 5511 tantum
1534 5457 1586 5511 lade
1604 5473 1637 5512 nc
1659 5459 1762 5515 dubitet
1778 5470 1859 5533 atque
1878 5463 1951 5520 dele·

314 5545 481 5600 bectrnditate
504 5544 679 5608 benedicant,
702 5552 730 5599 ct
750 5544 883 5613 gaudeant
905 5542 1105 5613 possidentibus
1158 5548 1303 5603 ctationeur
1325 5562 1379 5601 non
1400 5555 1511 5617 repetat.
1539 5548 1624 5604 llodie
1642 5552 1724 5607 totius
1741 5554 1834 5608 mundi
1854 5569 1952 5626 pecct-

314 5636 401 5693 luissc
421 5638 529 5701 donata,
552 5652 613 5707 quae
627 5639 709 5693 ctiam
730 5638 893 5707 pauperibus
906 5652 939 5692 ac
955 5635 1105 5707 peregrinis
1159 5647 1214 5692 tum
1230 5637 1340 5701 tollitur,
1355 5644 1382 5691 et
1393 5646 1519 5707 peccator
1532 5640 1679 5709 desperati
1696 5640 1750 5699 Sed
1762 5645 1851 5700 ridete
1862 5642 1951 5714 qualis

314 5729 426 5786 luerunt
446 5729 517 5787 lacta
538 5730 701 5786 communia.
732 5727 805 5797 Quos
831 5728 892 5783 ideo
916 5729 967 5783 sub
991 5727 1105 5783 diversis
1157 5742 1218 5782 esse
1233 5726 1507 5797 debeatpoenitentia,
1522 5730 1584 5798 qnia
1599 5730 1675 5785 multi
1689 5733 1796 5789 assidue
1813 5729 1952 5788 sedicunt

313 5821 447 5878 molestiis
457 5821 563 5891 justitia
578 5822 625 5878 bei
640 5822 764 5877 laborare
779 5820 912 5892 permisit,
931 5829 960 5875 ut
978 5827 1006 5875 et
1024 5819 1106 5875 mise-
1158 5830 1323 5889 peccatores,
1336 5826 1364 5872 ct
1377 5827 1466 5875 tamen
1482 5819 1570 5874 adhuc
1588 5818 1648 5875 illos
1673 5821 1789 5879 delectat
1811 5835 1949 5893 peecare:

314 5928 363 5967 ros
375 5928 426 5983 pro
435 5912 563 5985 patientia
575 5952 583 5977 ,
598 5920 626 5967 ct
638 5912 826 5969 misericordes
846 5925 896 5982 pro
919 5909 1104 5966 benevolentia
1158 5908 1291 5980 professio
1303 5915 1345 5964 est
1358 5909 1440 5976 istud,
1456 5924 1509 5966 non
1520 5912 1687 5978 emendatio;
1699 5921 1841 5968 accusatur
1851 5912 1948 5976 anian,

351 6030 425 6085 ⁸1²1
448 6045 574 6088 εετιιιοιιε
597 6028 694 6086 leonis
718 6027 807 6102 llagni
831 6030 864 6086 de
887 6025 987 6098 jejunio
1009 6027 1105 6084 decimi
1124 6025 1236 6092 mensis,
1254 6024 1365 6097 passim.
