4500 6842
334 648 384 701 ltu
649 643 679 699 B.
700 642 826 699 ututur
845 642 953 698 attunt
972 641 1131 697 bRCHlEi‘.
1151 642 1303 701 nonunt.
1325 643 1467 701 obtenuit
1483 644 1573 701 etus
1589 644 1623 700 ll.
1910 652 1961 708 l80

332 760 496 829 siduntque,
510 766 540 813 ut
553 758 681 827 scriptum
694 764 746 820 est,
763 758 790 810 in
809 773 884 825 quem
906 766 1079 827 papupemm,
1093 766 1117 809 ιι
1131 760 1155 819 Λ
1169 754 1223 812 llos
1233 756 1330 827 signati
1343 772 1445 822 surmus,
1458 757 1505 813 sed
1518 758 1540 812 si
1552 756 1630 813 idem
1646 766 1766 814 nontam
1776 762 1905 830 operibus
1917 778 1961 818 sc·

331 848 456 919 planpnnt
471 863 499 903 ss
513 862 591 917 super
602 863 660 901 rum
675 862 763 900 omnes
777 844 859 899 tribus
876 855 962 899 terre.
983 842 1054 900 Saue
1069 859 1118 899 no-
1168 845 1296 914 unimur,
1314 845 1359 901 ille
1379 846 1479 900 etenim
1503 861 1567 902 rere
1581 847 1687 913 credit,
1711 849 1757 918 qui
1772 859 1884 906 exercet
1895 867 1962 924 ope·

332 938 442 993 tandum
458 936 529 1005 quood
543 936 628 991 solent
647 936 673 990 in
688 935 740 990 boc
752 935 812 990 loco
829 935 942 1007 gentiles
956 934 1118 989 calumniam
1168 935 1253 991 raudo
1267 937 1338 1005 quod
1360 938 1454 992 credit.
1480 936 1556 1005 Quod
1572 946 1661 993 ιιιιιιιι
1681 938 1737 1003 ait,
1752 938 1828 995 Beati
1844 942 1889 1011 pet
1906 960 1960 1000 nos

331 1041 457 1091 struere,
480 1035 508 1082 et
531 1025 610 1082 [idem
632 1034 746 1096 sperate
770 1041 786 1079 a
809 1024 887 1079 nobis
914 1026 1118 1082 resurrectionis
1167 1025 1286 1079 ciderunt
1300 1037 1324 1081 et
1344 1027 1521 1093 crediderunt,
1547 1028 1675 1098 preteriti
1696 1030 1826 1101 temporis
1840 1048 1906 1088 usus
1917 1045 1961 1091 est

329 1123 411 1177 stulta
424 1120 579 1192 garrulitate
589 1121 721 1176 deridere.
738 1119 766 1173 Si
780 1119 852 1175 enim
867 1121 924 1189 ipse
935 1120 1006 1175 Deus
1017 1128 1117 1184 uester,
1167 1116 1260 1179 verbo,
1274 1124 1399 1185 tanquan
1414 1116 1458 1172 ille
1468 1116 1513 1187 qrri
1524 1117 1596 1186 quod
1608 1126 1667 1172 erat
1677 1116 1796 1173 futurum
1808 1119 1836 1175 in
1851 1138 1899 1177 sua
1911 1140 1961 1177 no-

329 1215 465 1283 inquium,
480 1228 529 1268 ηας
543 1212 593 1269 gibi
612 1210 712 1268 inflicta
730 1227 744 1266 p
764 1211 863 1267 Judaeis
886 1209 997 1266 vulnera
1020 1225 1117 1266 curare
1167 1211 1242 1260 t'eral
1256 1206 1489 1275 prttttlesilnttllone
1514 1205 1569 1276 jain
1597 1206 1708 1264 saelum.
1735 1209 1788 1266 Sed
1811 1212 1959 1270 hisverbis

327 1305 477 1377 praevaluit,
497 1305 546 1361 sed
564 1305 720 1360 cicatricum
742 1301 855 1372 uestigia
875 1301 944 1356 coeio
965 1317 1067 1365 secum,
1088 1308 1117 1354 ut
1165 1296 1274 1365 proprie
1286 1297 1414 1369 gentium,
1427 1307 1457 1353 ut
1470 1298 1596 1365 diximus,
1611 1298 1678 1356 tides
1691 1301 1856 1372 designatur.
1871 1304 1958 1360 linita

327 1396 418 1451 dicitis
429 1394 541 1459 invexit,
556 1408 609 1465 qua
624 1393 777 1449 temeritate
789 1392 890 1462 putatis
904 1406 966 1447 eum
981 1400 1070 1446 restra
1083 1391 1116 1446 de
1165 1387 1269 1456 quidem
1286 1397 1309 1442 et
1321 1386 1374 1441 alin
1389 1388 1464 1459 sipno
1478 1387 1538 1457 fecit
1551 1386 1630 1444 iesus
1649 1388 1677 1442 in
1694 1401 1829 1461 conspecta
1839 1392 1958 1464 discipu-

327 1486 437 1556 pulrere
457 1487 578 1542 membra
598 1486 631 1540 ad
651 1486 783 1554 integrum
806 1498 866 1540 esse
890 1490 1114 1538 restauraturum.
1166 1476 1251 1531 lorum
1273 1494 1391 1541 snorum,
1419 1493 1477 1549 qnoe
1498 1494 1550 1532 non
1570 1486 1632 1533 sant
1644 1480 1741 1549 scripta
1761 1481 1788 1534 in
1811 1480 1878 1536 libro
1896 1482 1958 1549 bor,

327 1577 430 1643 Quibus
453 1577 675 1647 respondendum,
695 1574 759 1644 quia
784 1573 854 1629 bens
873 1574 1023 1643 nosterqui
1039 1589 1115 1628 suam
1166 1563 1321 1635 significans
1338 1565 1501 1637 evangeliun
1523 1567 1639 1640 plurima
1657 1568 1753 1625 iecisse
1765 1569 1857 1627 Jesrrm
1880 1574 1958 1645 signs

327 1669 520 1739 perpetuajam
536 1665 738 1721 immortalitate
752 1664 926 1733 glorificatam
944 1663 977 1718 de
990 1664 1116 1733 sepulcro
1165 1661 1192 1709 et
1203 1654 1332 1712 miracula
1345 1654 1438 1710 salutis
1454 1665 1482 1711 et
1495 1657 1697 1726 praedicationis
1709 1675 1770 1730 quae
1782 1676 1835 1717 non
1855 1666 1957 1735 scripta

327 1775 436 1816 munero
449 1760 613 1815 resuscitare
633 1756 740 1827 quando
757 1756 850 1819 uoluit,
871 1764 897 1809 et
916 1755 1051 1825 quonrodo
1068 1770 1116 1810 ro-
1164 1753 1255 1800 esiessl
1266 1754 1376 1817 propter
1393 1747 1591 1805 multitudinem
1608 1748 1716 1804 illarum
1728 1766 1818 1808 rerum
1833 1769 1894 1824 quae
1908 1772 1957 1828 ge·

327 1844 1113 1920 luit,potuit,etiamqualemroluitsuscitarit.Nequceniur
1164 1845 1212 1893 ιιι
1229 1836 1337 1893 iuerunt
1353 1838 1388 1893 ab
1405 1854 1446 1894 eo.

325 1955 495 2010 consequens
507 1948 549 1995 est
561 1949 590 1993 ιιι
606 1939 652 2008 qui
673 1937 776 2005 majora
798 1936 895 1992 iecisse
915 1935 1046 2006 probatur
1065 1935 1115 1990 mi·
1198 1928 1264 1984 licre
1276 1940 1362 1988 onum
1373 1932 1469 2002 scripto
1480 1942 1540 1987 sant
1552 1943 1580 1986 at
1594 1932 1707 1989 credatis
1716 1936 1779 2004 piria
1792 1935 1871 1993 iesus
1881 1938 1958 1995 Cirri-

324 2046 390 2087 nora
409 2029 497 2086 iacere
509 2029 669 2101 nequiverit,
686 2028 732 2084 sed
746 2034 820 2083 certe
833 2026 1040 2095 dispensationis
1052 2042 1114 2097 gra·
1163 2029 1218 2074 ιιιι
1236 2029 1273 2074 ιιι
1287 2017 1374 2076 Fiiins
1396 2021 1455 2087 bei,
1480 2032 1505 2077 ct
1525 2032 1555 2077 nt
1575 2026 1706 2082 credentes
1727 2029 1806 2083 vitam
1828 2040 1956 2087 uternam

324 2122 361 2177 tia
373 2120 418 2189 qui
434 2118 519 2189 majus
532 2118 596 2174 lecit
609 2119 699 2174 minus
711 2115 801 2173 lacere
814 2117 974 2187 supersedit.
1000 2115 1056 2173 lioc
1072 2124 1113 2173 est
1128 2092 1151 2151 B
1165 2112 1282 2166 babeatis
1304 2111 1332 2166 in
1347 2115 1451 2168 nemim
1472 2115 1539 2186 eins.
1568 2116 1615 2172 lile
1636 2118 1709 2173 enim
1724 2120 1770 2190 qui
1792 2122 1879 2178 credit
1892 2126 1969 2195 quia

323 2212 395 2281 quod
407 2212 502 2266 mortis
516 2226 597 2282 regna
609 2209 753 2273 destruxit,
767 2209 843 2279 signa
856 2208 951 2264 mortis
969 2207 1114 2263 obliterare
1163 2200 1241 2257 letus
1252 2211 1295 2258 ιιι
1305 2201 1430 2258 cbristus
1440 2203 1524 2260 Filius
1536 2205 1595 2271 Del.
1608 2209 1742 2264 tredendo
1756 2210 1843 2279 lusum
1857 2212 1955 2268 Filium

323 2300 427 2356 noluit:
440 2300 528 2369 primo
541 2299 665 2354 uidelicet
675 2307 706 2353 ut
717 2312 767 2368 per
782 2298 840 2353 haec
859 2296 996 2367 discipulis
1009 2298 1065 2353 suis
1079 2296 1111 2351 ti-
1164 2290 1190 2345 in
1208 2307 1238 2347 se
1259 2293 1341 2348 habet
1354 2311 1360 2347 τ
1373 2293 1496 2351 habendo
1516 2296 1613 2352 Filium
1626 2305 1654 2353 ιι
1672 2299 1755 2354 vitam
1775 2300 1867 2364 babet,
1890 2304 1954 2373 quiin

322 2390 383 2445 dem
399 2404 454 2444 suae
472 2388 676 2444 resurrectionis
700 2395 848 2453 astrueret,
869 2387 964 2444 deiude
987 2395 1017 2442 ut
1037 2386 1111 2441 Patri
1164 2379 1220 2449 ipse
1240 2381 1308 2437 dixit
1326 2400 1332 2435 ε
1354 2382 1410 2453 Epo
1430 2400 1489 2438 sum
1502 2386 1544 2439 oio
1564 2395 1588 2440 rt
1609 2388 1703 2442 neritus
1722 2397 1747 2443 et
1761 2389 1823 2443 ritu.
1843 2390 1956 2461 insuper

321 2495 371 2550 pro
384 2479 461 2535 nobis
477 2478 630 2550 supplicans
642 2477 721 2549 quale
736 2492 820 2549 penus
837 2478 932 2533 mortis
947 2493 995 2549 pro
1013 2487 1112 2533 morta·
1162 2471 1245 2527 tilam
1258 2487 1319 2528 cum
1331 2473 1432 2528 sanctis
1445 2474 1594 2544 possidebit
1605 2482 1736 2531 aeternam
1755 2477 1800 2531 ubi
1814 2479 1867 2532 erit
1880 2489 1954 2534 certa

321 2570 386 2625 lium
402 2570 456 2624 vita
471 2570 613 2641 protulerit
623 2584 730 2640 semper
743 2568 883 2634 ostendat;
907 2568 986 2624 tertio
1011 2577 1042 2621 ut
1062 2583 1111 2623 sna
1162 2562 1303 2627 securitas,
1319 2562 1481 2632 sempiterna
1495 2564 1620 2631 felicitas,
1635 2567 1813 2623 inenarrabile
1828 2571 1954 2639 gaudium

321 2666 410 2714 morte
429 2659 575 2730 redemptis
592 2673 646 2729 qua
661 2657 871 2714 misericorditer
888 2655 970 2725 adiuti
983 2656 1037 2712 sint
1049 2671 1111 2726 pro-
1161 2652 1206 2707 ubi
1220 2651 1375 2722 implebitur
1390 2654 1474 2709 illud:
1491 2655 1546 2711 Ero
1568 2657 1675 2713 iliorum
1686 2658 1768 2727 Deus,
1782 2671 1807 2716 et
1823 2663 1874 2732 ipsi
1888 2663 1952 2717 mibi

319 2750 414 2820 postris
427 2764 534 2821 semper
547 2749 668 2819 eiusdem
682 2749 778 2804 monis
790 2747 1024 2813 inuenerindtctts,
1040 2747 1111 2803 ideo-
1161 2751 1236 2796 erunt
1250 2742 1373 2813 populas,
1388 2745 1414 2799 id
1430 2755 1473 2801 est
1482 2762 1530 2803 ero
1543 2750 1613 2803 unde
1627 2751 1769 2817 sartenmr,
1791 2766 1840 2809 ero
1859 2769 1954 2812 eorum

318 2855 384 2911 que,
399 2841 598 2897 misericordias
614 2840 720 2897 Domirn
742 2841 770 2895 iu
783 2847 914 2896 aeternum
934 2846 1044 2896 cantare
1055 2854 1109 2896 nou
1161 2843 1188 2889 et
1201 2835 1267 2902 vita,
1281 2844 1309 2890 et
1319 2835 1402 2902 salus,
1416 2846 1444 2893 et
1454 2839 1550 2904 rictus,
1564 2848 1592 2895 et
1603 2842 1691 2912 copia,
1714 2851 1741 2899 et
1754 2842 1849 2915 plorls,
1863 2851 1893 2902 ιι
1905 2829 1956 2901 bo·

318 2940 427 2987 cessent
450 2931 497 2986 sed
512 2932 602 2986 dicant
622 2930 668 3002 qni
692 2929 824 3002 redempti
850 2937 910 2984 sum
932 2944 947 2984 a
971 2929 1107 2988 Domino:
1160 2938 1219 2987 nor,
1232 2932 1260 2979 01
1272 2939 1335 2995 ιιι,
1350 2935 1378 2980 et
1391 2928 1482 2983 omnia
1499 2928 1581 2984 bona.
1606 2930 1640 2984 lit
1664 2931 1704 2987 sic
1720 2931 1954 3001 implebitur-iliad

319 3021 450 3090 Quoniam
472 3023 564 3085 ianus,
589 3023 713 3092 qnoniam
731 3023 758 3076 in
778 3030 904 3075 aeternnm
929 3020 1109 3074 misericordia
1160 3013 1340 3085 Apostolum
1352 3017 1385 3070 sit
1396 3014 1467 3071 Deus
1480 3020 1567 3072 omnio
1577 3020 1605 3073 in
1617 3020 1746 3085 omnibns,
1759 3021 1817 3091 ipse
1827 3019 1889 3076 linis
1899 3021 1955 3077 erit
1993 3019 1995 3024 ’

317 3113 375 3183 eins
383 3130 393 3178 ,·
407 3120 543 3182 postremo
556 3121 586 3167 ut
597 3112 679 3167 etiam
691 3110 802 3185 perlldis
816 3110 952 3181 injudicio
969 3125 1049 3181 qrrnm
1061 3108 1107 3180 ju·
1160 3105 1353 3164 desideriorum
1366 3117 1531 3173 nostrorum,
1541 3110 1586 3179 qui
1599 3110 1658 3166 sine
1670 3112 1723 3167 line
1733 3112 1878 3177 ridebitur,
1893 3113 1953 3169 sinc

318 3213 359 3261 ιιι
373 3205 534 3259 damnentur
549 3211 658 3259 ostensa
677 3203 747 3258 inter
769 3203 821 3258 alia
837 3201 936 3273 flagitia
950 3203 1032 3258 etiam
1047 3202 1106 3257 rul-
1159 3196 1267 3254 fastidio
1279 3208 1395 3263 amatur,
1410 3199 1470 3254 sine
1480 3197 1637 3271 fatigatione
1648 3200 1772 3255 inundatur
1782 3199 1861 3256 leurs
1873 3199 1954 3256 Cbri-

317 3308 414 3350 nerum
431 3308 492 3364 qum
505 3295 538 3347 nb
551 3294 591 3349 eis
609 3294 726 3366 suscepit
741 3294 867 3350 cicatrice
882 3294 1029 3351 denuntiet.
1045 3294 1107 3352 Vel·
1159 3300 1217 3347 stus
1231 3292 1362 3350 Dominus
1382 3300 1483 3355 noster,
1508 3293 1554 3362 qui
1566 3308 1627 3348 cum
1639 3291 1720 3349 Patre
1734 3300 1763 3348 et
1775 3292 1876 3362 Spiritu
1890 3308 1954 3348 san-

318 3382 356 3435 uti
369 3382 391 3437 si
404 3381 481 3438 miles
492 3381 590 3451 aliquis
603 3381 765 3437 lortissimus
774 3381 887 3451 jubente
911 3396 960 3437 suo
973 3398 1036 3453 rege
1057 3397 1107 3452 pro
1160 3392 1204 3439 cto
1218 3384 1283 3439 risit
1304 3393 1331 3439 et
1353 3394 1450 3456 regnat
1471 3386 1541 3441 beris
1554 3401 1603 3457 per
1615 3388 1706 3443 omnia
1721 3388 1818 3443 secula
1838 3388 1952 3445 saeculo-

317 3472 400 3528 totius
418 3474 507 3544 gentis
534 3473 618 3529 salute
641 3474 769 3546 singulari
793 3474 941 3530 certamine
963 3476 1104 3539 desudans,
1121 3433 1144 3495 C
1161 3490 1230 3530 rum.
1246 3475 1343 3532 Amen.

317 3561 410 3616 multis
434 3563 541 3632 quidem
567 3564 722 3620 vulneribus
736 3565 865 3635 exceptis,
894 3566 998 3622 bostem
1017 3573 1105 3622 tamon
1439 3566 1578 3623 ll0lllle
1593 3566 1663 3624 xlx.

316 3654 471 3719 interficiat,
486 3654 570 3725 spolia
584 3656 642 3727 ejus
665 3656 786 3728 diripiat,
811 3657 951 3713 victoriam
968 3657 1106 3728 suaegenti
1485 3675 1563 3715 rann
1578 3676 1615 3715 ru.

316 3750 452 3815 reportet,
475 3753 503 3800 et
525 3745 704 3815 interrogatus
726 3748 882 3815 amedico,
904 3749 949 3805 cui
971 3750 1105 3806 curandus
1339 3746 1433 3804 Lectio
1446 3746 1574 3819 Epistulae
1585 3750 1619 3805 ad
1634 3748 1770 3807 liebraeos.

315 3834 503 3898 fflfflffllffiffl'r
521 3834 558 3889 5²³
569 3850 603 3889 ¹¹⁰
617 3835 681 3890 '¹⁰¹5‘
701 3837 790 3891 cmii
805 3845 835 3892 ¹¹²
854 3852 904 3894 ¹¹⁰⁰
915 3839 1027 3912 miliia
1045 3840 1104 3896 lul·
1192 3855 1312 3924 Fratres,
1327 3858 1428 3913 obedite
1446 3862 1590 3931 prepositis
1610 3863 1700 3917 restris
1712 3872 1736 3917 ιι
1749 3862 1880 3935 subjacete
1892 3868 1947 3931 eis:

315 3938 409 3978 uerum
423 3923 476 3978 ulla
491 3924 637 3991 resideant,
652 3940 686 3979 au
703 3926 787 3997 magis
799 3927 835 3980 ita
849 3934 878 3981 ut
890 3927 1031 3985 cicatrices
1044 3930 1105 3999 qui·
1155 3947 1206 4020 ,μ’
1215 3950 1284 4003 „pm
1296 3950 1449 4023 wippam
1460 3955 1536 4023 qm·
1548 3955 1675 4009 saponem
1694 3971 1742 4026 pf,
1753 3958 1892 4014 animem
1904 3977 1948 4015 pe.

314 4014 374 4068 dem
382 4021 550 4080 remaneant,
563 4013 721 4071 deformitas
732 4032 797 4074 vcro
808 4020 1012 4088 prorsusomnis
1022 4021 1105 4077 etim·
1154 4039 1216 4095 mr,
1230 4040 1373 4109 napum,
1390 4052 1419 4096 pp
1433 4059 1491 4098 ,pm
1512 4045 1609 4115 mat„
1620 4046 1669 4100 po,
1679 4046 1780 4116 [acmnt
1793 4056 1817 4103 α
1836 4066 1889 4105 „0⁸
1902 4068 1947 4124 9⁸·

314 4105 385 4160 ditas
398 4105 478 4170 absit,
501 4106 660 4175 respondeat
672 4107 769 4179 saepius
781 4108 818 4163 ita
834 4124 863 4164 se
877 4108 945 4165 uelle
958 4110 1048 4168 sanari
1063 4118 1102 4177 ut,
1154 4138 1250 4192 mm„
1261 4146 1271 4195 ‚⁶
1283 4130 1332 4186 p„
1350 4131 1420 4186 „pm
1431 4148 1483 4187 ,pm
1493 4133 1595 4204 ,mm-p
1609 4134 1688 4189 ,opp

315 4205 370 4252 toto
383 4197 478 4253 salutis
490 4197 648 4266 decorisque
659 4198 766 4267 pristini
778 4208 849 4255 statu
865 4211 1032 4273 recuperato,
1043 4218 1103 4272 per·
1187 4217 1333 4289 posquam
1348 4221 1472 4290 superius
1484 4222 1599 4288 dixeras,
1623 4221 1741 4289 Quorum
1758 4227 1940 4298 mmmm.

313 4295 393 4355 petua
408 4301 500 4341 Secum
522 4286 589 4340 ‘³⁰¹5
604 4287 776 4343 Circumfeiii
795 4290 869 4359 signa
892 4293 1029 4364 triumphi.
1056 4293 1103 4349 31⁰
1152 4310 1299 4364 testritam
1311 4312 1523 4378 conuersationis,
1540 4313 1780 4383 imitaminifidem,
1795 4324 1860 4373 tunc
1872 4318 1943 4373 intu-

311 4375 434 4448 llf⁰s⁰⁰²⁰
454 4375 584 4432 ⁰⁰ffll¹¹¹¹⁵
600 4378 718 4447 perpetis
737 4379 772 4436 ⁰¹³
793 4380 898 4451 signum
911 4382 1031 4438 ll⁰¹⁰slae
1049 4399 1102 4439 ¹¹⁰⁰
1153 4397 1203 4453 lit:
1218 4399 1319 4455 obedis
1333 4403 1481 4472 prepositis
1496 4404 1597 4471 restris,
1611 4413 1635 4459 ιι
1651 4405 1761 4472 subiecti
1772 4417 1862 4463 ιιιοιι.
1884 4407 1943 4465 urt-

311 4468 401 4524 fflilfi
412 4474 525 4538 excelli
538 4483 588 4537 1)Γο
599 4467 676 4523 ¹¹⁰hl⁸
691 4466 802 4523 'illem
816 4470 957 4539 lissiffltis,
970 4473 1101 4543 sedi1³⁵⁰·
1152 4504 1225 4550 tuum
1238 4491 1381 4547 constituit
1392 4508 1439 4549 eos
1456 4503 1485 4550 et
1496 4502 1561 4552 tune
1574 4495 1661 4551 dixit:
1678 4496 1785 4553 obedite
1794 4502 1941 4571 propositis

311 4576 370 4616 runn
385 4560 528 4617 cicatrices
552 4559 621 4616 coeio
639 4557 740 4616 inferre
764 4576 844 4631 quam
864 4562 972 4619 abolere
986 4566 1079 4622 maluit
1093 4586 1100 4634 ;
1151 4583 1489 4654 „021ff,‚0p,psj0,wff,‚
1503 4585 1573 4654 Quid
1585 4599 1660 4658 ergo,
1674 4586 1739 4645 ὤρη
1752 4587 1861 4658 aliquis,
1876 4590 1939 4645 dum

311 4665 362 4708 nec
376 4660 511 4708 emeno
525 4651 569 4707 on
583 4651 720 4723 autunum
737 4651 797 4707 lde}
811 4662 910 4710 nom
923 4658 1100 4714 reslrnnn-
1150 4674 1311 4745 prepositus
1323 4675 1941 4747 usstandandansmurmuriumman

310 4742 352 4798 uis
363 4743 530 4813 praejudicat,
545 4743 577 4797 dc
600 4758 653 4812 qua
666 4743 755 4798 ueraci
779 4745 954 4813 promissione
975 4749 1099 4816 predici-
1111 4769 1138 4830 Ι)
1150 4781 1242 4836 gnum,
1257 4766 1374 4837 quamn
1393 4768 1460 4826 (1501,
1474 4769 1638 4839 malignum
1653 4768 1797 4839 ,squidem
1815 4770 1843 4826 pn
1856 4786 1940 4830 (ω

310 4844 354 4892 ¹¹¹r
368 4854 375 4888 ²
388 4835 422 4889 b't
437 4836 591 4905 capillus-de
600 4838 685 4907 wille
696 4848 778 4892 imm
799 4856 850 4894 '¹⁰¹¹
867 4841 969 4911 pen'bit.
1151 4856 1217 4913 noes
1229 4864 1281 4920 est,
1296 4856 1359 4928 lnge
1368 4857 1442 4913 illurn
1452 4867 1480 4914 et
1493 4858 1575 4925 evita,
1589 4874 1642 4914 nou
1655 4858 1741 4916 solum
1754 4860 1776 4915 si
1790 4860 1873 4918 Ιιιιιιο
1884 4860 1940 4917 iao·

346 4925 487 4996 Respondit
504 4925 615 4982 idomas
640 4939 664 4982 ιι
684 4930 750 4983 dicit
764 4931 815 4985 ei:
836 4931 965 4988 Dominus
990 4952 1061 4992 orcus
1075 4946 1098 4991 ιι
1149 4946 1194 5011 rit,
1223 4948 1368 5004 sedetiam
1396 4951 1418 5008 si
1440 4950 1551 5021 arrgelus
1564 4952 1597 5008 de
1610 4950 1679 5008 coelo
1703 4953 1883 5010 inscenderit.
1908 4953 1937 5011 Si

311 5015 380 5071 Dent
392 5031 473 5069 ιιιιιιι.
492 5013 560 5069 Dict'l
577 5017 601 5069 t‘t'
620 5014 697 5073 Jesrts
712 5033 721 5072 .·
738 5018 807 5085 Qut'u
826 5022 912 5077 nidisti
925 5039 966 5077 me
986 5026 1098 5082 crcdt'dt'-
1147 5050 1212 5090 rem
1231 5036 1258 5090 in
1275 5045 1330 5093 toto
1345 5039 1427 5094 corde
1439 5047 1467 5095 et
1481 5039 1602 5095 moribus
1616 5039 1762 5113 malignum
1779 5042 1867 5109 ducis,
1881 5045 1935 5100 noli

306 5107 351 5162 sti.
366 5106 434 5161 bunt
447 5120 512 5177 erpo
526 5106 591 5162 vidit
602 5106 730 5173 Thomas,
744 5110 807 5165 dum
819 5113 945 5181 palpavit,
961 5116 1044 5171 curci
1059 5117 1098 5171 di·
1148 5128 1273 5182 mnirari.
1289 5128 1323 5183 lit
1336 5129 1393 5185 baec
1406 5144 1459 5186 non
1471 5147 1505 5186 ex
1518 5146 1562 5187 me
1575 5132 1633 5204 ipso
1643 5133 1712 5199 dico,
1732 5134 1779 5190 sed
1795 5150 1829 5191 ex
1843 5136 1936 5192 divina

307 5200 398 5256 citur:
416 5198 485 5266 Quia
506 5200 595 5256 uidisti
612 5217 661 5268 me,
679 5201 834 5258 credidisti?
855 5203 907 5260 Sed
922 5206 992 5261 aliud
1017 5208 1093 5274 vidit,
1147 5214 1297 5287 scriptum.
1315 5218 1384 5274 Audi
1399 5219 1490 5276 iesum
1504 5222 1637 5278 dicentem
1655 5241 1663 5277 :
1686 5221 1771 5294 snper
1782 5225 1935 5281 mapsam

306 5292 377 5348 abun
392 5292 504 5347 credidit
517 5310 524 5359 ;
549 5310 564 5347 a
590 5294 696 5349 mortali
710 5295 809 5367 quippe
833 5298 941 5355 bomine
966 5298 1093 5355 divinitus
1146 5305 1233 5377 Mopsi
1244 5308 1366 5364 sederam
1380 5311 1473 5367 serite
1487 5321 1512 5367 ιι
1530 5309 1682 5377 Pbarisoei,·
1699 5319 1728 5368 ιι
1739 5312 1826 5385 primo
1839 5314 1934 5371 dicens

306 5384 391 5439 videri
409 5399 462 5439 riou
489 5384 583 5454 potuit.
611 5384 751 5440 llominem
774 5386 857 5458 igitur
880 5389 945 5443 uidit
966 5391 1092 5446 ellicum
1145 5397 1178 5453 de
1204 5398 1353 5453 bisinnus
1379 5399 1449 5455 mala
1476 5408 1540 5457 tunc
1555 5400 1646 5456 dixit:
1673 5400 1758 5472 snper
1782 5403 1933 5458 cumcurm

304 5472 444 5530 consessus
457 5481 500 5529 est
523 5474 632 5530 dicens:
659 5474 788 5531 Dominus
802 5492 874 5531 meas
885 5488 909 5532 ιι
926 5478 995 5532 bens
1008 5496 1091 5535 mens.
1145 5484 1231 5556 llopsi
1244 5487 1366 5541 redemnt
1376 5504 1386 5553 ,·
1405 5505 1503 5555 omnio,
1527 5490 1624 5561 inquit,
1645 5506 1704 5562 qnae
1724 5490 1838 5546 disennt
1860 5491 1933 5546 robis

303 5564 426 5622 videndo
449 5580 514 5637 ergo
541 5567 656 5621 credidit
672 5567 718 5636 qui
742 5569 937 5625 considerando
955 5571 1090 5627 bominem
1143 5574 1230 5642 tacite,
1242 5592 1301 5646 ιιι
1313 5585 1401 5630 uatem
1420 5576 1538 5646 serenat,
1553 5578 1638 5649 socna
1650 5577 1739 5632 nolite.
1759 5576 1878 5645 Habent,
1893 5578 1934 5633 in·

304 5671 395 5711 rerum
422 5655 493 5711 bunc
512 5655 595 5711 ileum
619 5671 698 5726 quern
712 5657 804 5714 ridere
817 5674 870 5714 non
884 5669 989 5730 poterat
1002 5662 1091 5717 enela—
1141 5665 1208 5733 quit,
1221 5666 1388 5737 dignitatem,
1405 5666 1467 5722 licet
1480 5668 1543 5722 ritae
1553 5668 1607 5722 sint
1624 5667 1744 5738 perditae,
1768 5681 1862 5722 rerum
1877 5681 1933 5723 non

305 5744 395 5798 trusit.
1141 5754 1271 5809 advitam
1287 5771 1391 5815 eurum.
1413 5757 1460 5813 sed
1475 5758 1508 5812 ad
1523 5772 1661 5813 sermones
1682 5755 1820 5812 intendite.
1835 5755 1932 5825 Quatt-

335 5834 413 5894 Beati
428 5838 473 5910 pai
483 5856 535 5897 non
548 5840 678 5906 viderunt,
700 5848 724 5917 ιι
743 5840 917 5896 crediderunt.
937 5841 965 5896 ln
980 5843 1031 5899 bac
1046 5843 1088 5898 ni·
1140 5845 1279 5900 tamenim
1302 5846 1336 5899 ad
1351 5861 1439 5902 mores
1463 5847 1562 5902 attinet
1575 5847 1662 5911 ruallus
1672 5844 1771 5919 poterit
1782 5844 1854 5900 laedi.
1869 5845 1930 5914 Qua

301 5923 408 5985 mirum
419 5931 551 5987 sententia
575 5946 624 5987 uos
635 5930 790 6004 specialiter
802 5931 899 6002 signati
923 5948 1025 5999 sumus,
1041 5932 1088 6005 qui
1140 5933 1242 5989 ratione
1255 5936 1306 5991 boc
1315 5936 1326 5990 l
1336 5938 1398 6007 quia
1412 5953 1473 6007 quae
1487 5937 1552 5994 iacit
1564 5935 1705 5993 manifesta
1714 5942 1777 5993 sunt
1790 5936 1930 6004 omnibus,

302 6029 455 6088 carrionem
482 6038 564 6078 car-rte
589 6039 641 6079 non
666 6022 792 6090 uidimus,
815 6032 905 6080 meritc
928 6025 1086 6083 retinemus.
1139 6032 1165 6079 ct
1181 6040 1268 6095 neque
1279 6026 1346 6097 ipse,
1360 6042 1393 6084 ac
1405 6028 1427 6084 si
1438 6029 1471 6085 ad
1485 6043 1613 6085 cacumen
1623 6025 1928 6100 iniquitatispcrrettitt,
