4500 6842
308 624 358 681 stt
629 623 659 677 Β.
681 621 809 678 RABle
827 622 937 679 lldlllll
954 615 1114 677 suculae.
1136 621 1290 679 MOGUNT.
1309 622 1453 680 OPEssUll
1472 623 1565 681 PARS
1590 625 1624 681 tt.
1748 671 1757 689 ,
1899 631 1952 687 tta

308 741 400 810 culpas
415 754 478 795 suas
497 738 524 793 in
539 736 645 793 letibus
654 737 712 805 jam
727 735 838 791 liberius
857 735 1000 807 conspicit.
1015 734 1099 792 Com·
1114 742 1138 798 Α
1154 733 1287 807 [Lateres]
1313 736 1478 800 ceciderunt,
1502 735 1549 791 sed
1573 737 1686 807 quadris
1700 722 1840 807 lapidibus
1865 739 1951 795 aut·

307 846 361 902 qne
375 828 433 899 elus
447 837 564 885 ruentem
583 835 690 881 terrerra
715 842 779 881 cura
807 842 860 880 nun
876 827 1020 897 praepedit,
1047 842 1098 896 pro
1149 826 1274 880 cabimus
1293 825 1360 897 (lxo.
1379 827 1429 896 rx).
1447 845 1456 877 ι
1476 827 1578 882 videns
1596 828 1696 898 quippe
1721 827 1751 883 in
1777 838 1875 885 sancta
1899 831 1950 887 Ec-

308 938 390 993 opere
401 919 480 977 simul
495 927 611 973 mentem
628 933 704 973 suarn
718 918 897 987 omnipotenti
911 918 1024 973 Domino
1034 918 1098 987 quid
1150 914 1232 968 ciesia
1255 915 1402 984 apostolos,
1425 924 1562 988 martyres
1589 925 1671 986 atque
1695 917 1826 973 doctores
1839 934 1952 991 surgere

308 1011 390 1075 aliud,
401 1024 481 1081 qrram
493 1008 678 1063 holocaustum
693 1008 786 1062 dedit?
798 1007 888 1077 Neque
898 1009 977 1063 boea
995 1007 1100 1062 ratione
1150 1005 1184 1059 de
1198 1004 1316 1074 lapidum
1338 1021 1415 1071 casu,
1435 1007 1461 1060 id
1478 1016 1530 1070 est,
1544 1006 1578 1061 de
1595 1006 1754 1062 ludaeorum
1780 1010 1950 1077 perditione,

307 1100 413 1155 videtur
422 1099 672 1169 extraneumqnod
684 1097 818 1168 Propheta
829 1113 890 1152 curn
899 1097 971 1152 latns
979 1097 1098 1151 exterius
1150 1096 1241 1151 minus
1264 1096 1349 1152 doluit
1365 1114 1371 1150 :
1385 1099 1449 1166 quia
1468 1098 1662 1166 omnipotentis
1677 1098 1724 1153 liei
1739 1098 1909 1166 aedilicium,
1924 1102 1951 1156 id

307 1190 447 1244 diceretet
460 1188 560 1242 ostium
586 1196 671 1257 portae
689 1188 854 1251 nominaret,
874 1187 988 1250 addidit,
1006 1205 1016 1238 r
1038 1201 1099 1257 quac
1150 1195 1191 1239 est
1213 1196 1335 1240 sanctam
1358 1186 1520 1252 Ecclesiam,
1545 1189 1578 1242 de
1593 1187 1706 1257 quadris
1730 1187 1873 1257 lapidibus
1887 1192 1951 1246 aedi-

306 1279 395 1353 pergit
419 1278 452 1333 ad
480 1278 642 1347 aquilonem.
668 1296 677 1327 ι
704 1276 733 1330 lu
751 1276 881 1331 exteriori
910 1277 982 1331 enim
1009 1285 1100 1331 eusto-
1150 1273 1225 1329 teau
1251 1276 1401 1345 conspexit.
1424 1275 1523 1331 llensae
1549 1292 1615 1349 erqo
1634 1287 1754 1348 quatuor
1781 1279 1816 1335 de
1839 1284 1951 1351 quadn's

306 1371 379 1427 diam
396 1371 493 1425 littere
514 1370 556 1424 lex
571 1370 631 1424 data
648 1370 797 1425 tenebatur.
814 1367 919 1423 Ostium
934 1384 999 1423 vero
1013 1377 1098 1438 portae
1149 1370 1283 1440 lapidibus
1294 1379 1506 1435 coostmuntur:
1520 1372 1583 1442 qnia
1598 1372 1664 1427 tides
1678 1380 1706 1427 et
1727 1373 1801 1438 rita,
1815 1375 1949 1443 patientia

306 1462 421 1532 estipsc
446 1461 592 1515 bistoricus
615 1459 862 1529 intellectualegis,
878 1459 925 1528 qui
944 1458 1097 1513 adilomini
1148 1471 1176 1515 et
1202 1461 1353 1531 benigniias
1380 1459 1414 1516 de
1450 1462 1507 1516 vita
1536 1472 1694 1517 sanctorum
1726 1462 1757 1517 in
1792 1465 1949 1534 exemplum

306 1554 432 1608 timorem
448 1552 529 1607 ducit.
545 1551 610 1618 Quae
623 1560 699 1620 porta
718 1550 752 1603 ad
765 1549 919 1619 aquilonem
933 1563 1046 1617 pergere
1058 1548 1098 1601 di·
1149 1552 1220 1606 date
1245 1559 1308 1607 suut
1321 1552 1498 1621 sequentibus
1512 1551 1628 1623 populis,
1652 1561 1682 1606 nt
1700 1550 1761 1621 jam
1784 1554 1949 1610 vestibulum

306 1645 388 1707 citur,
411 1643 473 1712 quia
486 1642 527 1695 lex
544 1641 638 1695 eadem
658 1641 708 1695 sub
728 1640 825 1693 timore
838 1638 973 1692 minarum
998 1636 1094 1707 iriqida
1149 1658 1257 1698 mensus
1271 1644 1380 1708 balneat,
1397 1642 1492 1709 idest,
1510 1644 1626 1698 riruues
1637 1643 1701 1698 ritae
1711 1643 1835 1715 populus
1848 1653 1948 1712 teneat,

305 1736 405 1806 judaiei
430 1733 520 1805 populi
542 1734 624 1789 corda
646 1726 830 1787 constrinxit?
851 1730 929 1799 quasi
949 1730 1021 1785 enim
1050 1744 1098 1798 per
1150 1735 1175 1789 in
1192 1735 1292 1804 quibus
1305 1735 1483 1805 omnipotenti
1510 1736 1566 1790 lieo
1580 1735 1713 1790 orationis
1737 1736 1908 1791 sacrificium
1922 1737 1948 1791 iu

306 1823 424 1879 calorem
437 1823 606 1893 illepopulos
618 1830 751 1886 curreret,
768 1820 791 1874 si
805 1828 939 1889 precepta
962 1819 1097 1873 dominica
1149 1841 1196 1880 auu
1218 1826 1260 1880 sui
1284 1826 1376 1881 condis
1398 1826 1535 1881 incendat,
1554 1826 1692 1897 Quidquid
1715 1828 1821 1882 etunius
1840 1828 1905 1882 huni
1918 1827 1949 1883 u.

306 1929 451 1970 examore
478 1922 622 1969 servasset.
646 1912 699 1967 Sed
727 1911 789 1981 qnia
808 1911 857 1964 sub
883 1911 980 1965 tinmre
1001 1912 1098 1965 mortis
1149 1915 1224 1970 deles
1245 1916 1274 1971 S.
1291 1916 1420 1971 Ecclesiae
1440 1916 1531 1987 populi
1555 1916 1599 1972 uel
1626 1916 1751 1971 iecerunt
1769 1917 1814 1971 rel
1836 1916 1946 1983 iaciunt,

306 2008 455 2080 proposita
483 2007 602 2062 litteram
633 2003 791 2063 custodivit,
822 2003 898 2072 qnasi
933 2004 959 2057 in
988 2012 1099 2074 torpore
1151 2009 1202 2063 bue
1217 2008 1242 2062 in
1257 2009 1383 2078 exemplo
1403 2008 1436 2063 de
1455 2009 1663 2078 praedicatorum
1682 2009 1946 2064 suorumritasus·

306 2099 415 2170 trigoris
429 2097 567 2152 remansit.
582 2096 646 2151 iude
660 2096 736 2150 trevis
751 2095 857 2164 populis
870 2103 971 2149 eterna
986 2097 1097 2165 premia
1115 2089 1137 2148 Β
1150 2107 1291 2169 ceperunt.
1316 2098 1394 2156 Unde
1409 2100 1481 2153 enim
1507 2112 1615 2153 mensas
1639 2098 1691 2153 boc
1712 2098 1886 2153 vestibulum
1901 2100 1947 2153 ba·

307 2191 470 2252 uolantibus,
483 2204 535 2242 non
553 2196 643 2242 antem
663 2185 820 2256 temporalia
844 2193 977 2240 tormenta
996 2185 1097 2250 ‚timcn-
1150 2189 1236 2254 bcret,
1262 2188 1314 2244 nisi
1333 2190 1453 2259 quadros
1480 2187 1583 2258 lapides
1608 2187 1778 2242 invenisset?
1791 2186 1863 2241 Cum
1885 2201 1946 2257 erpo

307 2283 378 2336 tibus
393 2288 474 2350 atque
497 2278 552 2347 jam
575 2276 858 2331 calentibusdieitur:
879 2296 887 2326 ι
905 2274 963 2330 Non
989 2276 1096 2345 acecpi-
1149 2281 1279 2352 apopulo
1308 2279 1380 2335 fideli
1411 2280 1444 2335 ad
1474 2278 1618 2333 imitandas
1642 2278 1764 2333 virtutes
1788 2287 1945 2333 sanctorum

306 2372 491 2441 stisspiritum
506 2368 648 2424 servitutis
674 2368 773 2421 iterum
801 2368 827 2421 in
851 2368 958 2433 timore,
975 2368 1022 2422 sed
1040 2369 1096 2437 spi·
1149 2375 1356 2445 publicatorum
1371 2372 1426 2426 vita
1445 2370 1633 2441 cognoscitur,
1660 2368 1786 2440 prolecto
1812 2370 1843 2424 in
1867 2370 1946 2425 resti-

306 2462 388 2515 ritum
410 2457 563 2529 adoptionis
591 2456 617 2510 in
645 2470 699 2525 quo
722 2455 992 2519 clamamus:llbba,
1018 2455 1099 2510 Pater
1149 2468 1213 2523 putu
1238 2467 1272 2521 du
1301 2463 1413 2535 quuduiu
1440 2462 1575 2532 lapidibus
1600 2476 1701 2516 iueuuu
1737 2469 1944 2516 construuntur,

306 2551 396 2623 (liena.
412 2551 482 2621 ιιιι).
502 2551 635 2604 sllicatnr
645 2564 719 2619 ergo,
741 2556 859 2618 quatuor
872 2562 972 2603 meuste
993 2548 1056 2602 binc
1071 2556 1097 2602 ct
1149 2557 1248 2612 iluuuiu
1272 2570 1337 2610 veru
1360 2562 1388 2608 eq
1410 2553 1552 2626 Syuugugu
1578 2560 1605 2607 ei
1632 2551 1775 2622 spiritales
1800 2561 1897 2620 pauiu
1920 2552 1952 2605 iu.

305 2652 422 2713 equatnor
440 2656 540 2697 mensae
563 2642 625 2696 iude
646 2654 695 2711 per
708 2640 792 2695 latera
816 2648 911 2710 portae.
937 2640 1008 2695 llum
1024 2641 1097 2696 euim
1149 2647 1270 2702 doctriua
1287 2656 1368 2714 atque
1380 2643 1532 2714 prophetia,
1548 2656 1582 2696 ex
1601 2641 1699 2711 quibus
1714 2641 1875 2712 exemplum
1889 2643 1954 2695 niue

305 2735 374 2791 tides
387 2743 414 2790 ct
428 2734 493 2799 rita,
507 2733 632 2788 doctrina
645 2742 671 2787 et
683 2732 862 2802 prophetiam
877 2732 1009 2787 bonorum
1024 2749 1099 2788 meu-
1149 2736 1175 2790 in
1193 2735 1338 2790 virtutibus
1352 2734 1484 2798 traheret,
1501 2732 1549 2788 sed
1565 2732 1641 2787 rudis
1657 2731 1717 2800 ejus
1732 2732 1853 2802 populus
1863 2732 1945 2802 magis

304 2828 379 2882 tibus
391 2825 519 2890 custodit,
536 2831 614 2895 porta
626 2832 730 2888 nostra,
747 2823 773 2877 id
787 2832 841 2889 est,
855 2822 1011 2878 intellectos
1026 2823 1097 2877 sacri
1148 2826 1335 2898 pertimerem
1352 2824 1474 2879 serviens
1496 2838 1577 2893 quam
1602 2837 1651 2893 per
1664 2836 1801 2888 amorem,
1828 2836 1944 2892 seqrreut

304 2916 404 2988 eloquii
418 2924 536 2987 quatuor
553 2930 586 2969 ex
603 2914 688 2970 latere
706 2929 815 2969 mensas
828 2915 919 2969 babet.
935 2915 1057 2986 Cumque
1069 2916 1097 2971 in
1147 2923 1232 2975 uitam
1247 2928 1355 2990 patmm
1373 2919 1460 2973 uoluit
1474 2918 1574 2973 imitari
1591 2932 1674 2988 quam
1691 2917 1773 2982 vidit,
1788 2918 1941 2989 atqucideo

303 3006 507 3081 proficientibus
522 3005 628 3077 populis
651 3014 745 3061 sancta
761 3006 916 3075 predicatio
939 3007 1096 3077 patientiam
1148 3019 1226 3083 porta
1240 3012 1370 3077 exterior,
1385 3023 1445 3079 quae
1456 3010 1489 3064 ad
1502 3009 1656 3079 aquilonem
1672 3009 1819 3080 pertingit,
1838 3024 1953 3064 mensas·

303 3108 333 3158 et
352 3098 546 3168 benignitatem
573 3106 674 3163 servat,
699 3113 760 3168 quae
785 3099 861 3168 prius
889 3097 916 3153 in
941 3100 1098 3156 carnalibus
1149 3117 1202 3156 nou
1227 3101 1356 3156 habetet
1384 3100 1583 3157 holocaustum.
1599 3096 1653 3154 Sed
1680 3100 1747 3168 quia
1769 3100 1830 3155 bec
1854 3114 1943 3155 mora-

304 3186 537 3245 circumcisioncm
548 3186 909 3251 etsacrillcimncustodiuit,
919 3201 1096 3258 mensaeque-
1148 3193 1210 3249 liter
1225 3194 1353 3258 diximus,
1367 3200 1453 3248 restat
1470 3192 1559 3247 adbuc
1571 3201 1602 3247 ut
1614 3192 1726 3247 easdem
1742 3207 1855 3247 mensas
1864 3206 1944 3262 super

303 3294 358 3349 que
370 3284 496 3349 quatuor,
508 3277 585 3347 qnasi
600 3291 634 3330 ex
649 3276 701 3330 alio
715 3274 800 3330 latere
815 3285 1021 3331 monstrantur:
1036 3292 1097 3348 qua
1148 3285 1352 3355 intelligentium
1373 3285 1492 3356 typicum
1513 3285 1728 3353 perscrutemur,
1747 3282 1834 3338 Pul-tu
1846 3284 1943 3339 etenim

303 3370 385 3427 simul
396 3384 492 3424 omnes
502 3378 564 3424 octo
576 3368 611 3424 ad
626 3367 821 3422 immolandum
832 3367 911 3434 durat,
927 3378 1046 3439 quatuor
1054 3373 1097 3427 ri·
1148 3386 1240 3433 nostru
1257 3376 1283 3430 iu
1300 3375 1421 3430 interiori
1441 3372 1573 3429 uestibulo
1589 3380 1708 3442 quatuor
1725 3386 1839 3427 mensas
1853 3372 1943 3450 babet,

304 3462 402 3517 delicet
428 3460 573 3515 interiores
598 3459 632 3514 ad
658 3458 857 3523 holocaustum,
884 3468 1002 3528 quatuor
1030 3476 1095 3517 uero
1110 3445 1132 3507 C
1148 3470 1212 3540 quin
1225 3477 1318 3523 suuuuu
1332 3465 1453 3521 Ecclesia
1467 3464 1501 3519 nd
1517 3463 1699 3518 eruditionem
1725 3462 1850 3518 fidelium
1862 3479 1944 3534 popu.

303 3552 454 3608 exteriores
468 3553 502 3607 ad
519 3550 696 3607 sacrificium.
713 3549 781 3618 Quia
796 3558 825 3604 et
838 3548 877 3612 iri,
889 3550 935 3620 qui
951 3552 979 3606 iu
1000 3561 1093 3607 sancta
1148 3561 1234 3616 lunum
1248 3567 1365 3629 quatuor
1374 3556 1525 3627 regentirnn
1538 3555 1646 3609 ordines
1658 3553 1776 3621 accepit,
1790 3568 1862 3623 quos
1877 3553 1944 3608 Pau-

302 3644 425 3701 Ecelessll
436 3644 527 3710 iidem,
536 3645 628 3708 lilim,
639 3644 796 3714 patiendam
808 3654 890 3716 atque
896 3644 1093 3715 benignitatem
1147 3652 1189 3707 lus
1201 3667 1234 3706 ex
1251 3651 1322 3705 dono
1335 3646 1529 3717 omnipotentis
1542 3644 1647 3699 Dourini
1661 3653 1817 3707 enunrerat,
1830 3645 1941 3700 diceus:

303 3738 469 3803 custodiunt,
482 3737 596 3792 summis
606 3735 662 3806 jam
674 3736 768 3806 procul
782 3737 864 3792 dubio
875 3737 1021 3791 virtutibus
1035 3736 1094 3806 pol·
1150 3760 1159 3793 ι
1172 3741 1233 3810 lpse
1242 3739 1316 3794 dedit
1328 3737 1458 3807 quosdam
1469 3734 1578 3805 quidem
1588 3732 1738 3803 apostolos,
1750 3736 1887 3802 quosdam
1899 3749 1944 3787 aa·

302 3828 368 3884 lent.
383 3828 417 3883 Et
427 3828 454 3882 bi
465 3830 511 3899 qui
524 3829 550 3882 in
562 3844 697 3899 synagoga
709 3828 859 3883 doctrinam
875 3837 902 3882 et
913 3828 1093 3898 prophetiam,
1147 3840 1200 3884 leur
1219 3826 1376 3898 propbetas,
1395 3824 1463 3880 alios
1481 3837 1546 3879 vero
1559 3822 1754 3894 evangelistas,
1770 3822 1843 3877 alios
1856 3830 1943 3877 auten

302 3921 536 3977 circumcisionem
548 3930 575 3975 et
584 3920 748 3976 sacrificium
760 3929 952 3991 cogrrorerunt,
963 3921 1016 3974 alia
1028 3918 1095 3975 olle·
1145 3929 1269 3991 pastores
1284 3928 1311 3973 et
1325 3918 1450 3973 doctores
1464 3916 1573 3988 (Epires.
1591 3913 1639 3985 rr).
1659 3934 1669 3966 ι
1686 3915 1821 3969 Pastores
1841 3922 1943 3972 verost

301 4010 1095 4081 rendeatqncsibirnetipsisaliaretinendo,dcvotionissoae
1146 4011 1270 4064 doctores
1291 4025 1375 4064 rrnrrm
1397 4008 1546 4080 regentium
1576 4008 1699 4063 ordinem
1723 4009 1862 4074 nominat,
1884 4007 1942 4077 quia

301 4102 440 4157 victimam
458 4102 638 4172 omnipotenti
661 4102 775 4157 Domino
794 4101 934 4157 dederunt.
957 4099 1011 4155 Sed
1030 4101 1093 4171 quia
1145 4117 1254 4173 gregem
1272 4101 1319 4155 liei
1334 4102 1391 4171 ipse
1405 4099 1538 4155 veraciter
1552 4099 1651 4170 pascit,
1666 4098 1714 4168 qui
1730 4098 1824 4153 docet.
1848 4098 1943 4153 llaluit

303 4193 537 4263 superiusdirtum
548 4199 600 4257 est,
608 4192 710 4248 idcirco
718 4200 947 4261 mensasquatnor
956 4191 1095 4246 interioris
1145 4207 1253 4262 quoque
1266 4201 1294 4247 et
1305 4205 1382 4262 porta
1397 4189 1517 4244 exterior
1528 4204 1636 4243 mensas
1648 4198 1777 4257 quatuor,
1792 4190 1858 4258 qnia
1869 4188 1942 4243 ride·

302 4285 429 4341 vestibuli
448 4299 507 4338 esso
532 4292 703 4339 constructas
718 4294 746 4337 ut
765 4284 920 4338 immoletur
944 4298 1026 4353 super
1048 4297 1095 4337 eas
1144 4285 1208 4339 licet
1233 4286 1289 4355 ipsa
1316 4299 1451 4355 synogoga
1475 4283 1637 4337 exteriorem
1663 4281 1873 4337 observantiam
1896 4295 1942 4351 per

303 4375 492 4431 holocaustum
517 4380 544 4426 et
568 4388 618 4442 pro
635 4383 746 4443 peceato
764 4383 793 4428 et
814 4389 864 4444 pro
887 4373 995 4428 delicto.
1017 4372 1095 4429 Unde
1146 4378 1281 4446 principes
1294 4375 1476 4438 sacerdotum,
1486 4382 1514 4428 et
1526 4375 1648 4428 seniores
1662 4373 1765 4442 populi,
1780 4388 1833 4443 per
1843 4373 1942 4427 scribas

301 4481 403 4520 mense
419 4470 582 4519 eorrstructn
596 4463 667 4528 sixrt,
686 4463 798 4517 inferius
818 4462 940 4532 aperitur
951 4478 1013 4518 euru
1031 4461 1095 4517 sub·
1145 4481 1226 4537 atque
1243 4468 1394 4523 Pisarissos
1408 4465 1506 4529 tenuit,
1521 4464 1568 4533 qui
1587 4462 1691 4517 scilicet
1710 4462 1844 4517 Pbarisaei
1862 4464 1940 4516 etiam

301 4561 394 4617 ditur:
1146 4563 1212 4632 logis
1240 4562 1365 4616 doctores
1387 4558 1476 4614 vocati
1505 4564 1577 4612 surrt.
1608 4553 1673 4610 Sive
1691 4563 1784 4609 autem
1815 4555 1843 4608 in
1867 4565 1940 4608 exte·

340 4655 594 4724 ‹eratuorautem
623 4650 770 4705 mensuali
796 4649 983 4704 holocaustum
1005 4650 1091 4705 dela·
1147 4650 1213 4704 riori
1235 4664 1282 4704 seu
1297 4649 1323 4703 in
1338 4648 1459 4703 interiori
1483 4654 1561 4715 porta
1576 4645 1754 4699 duaexuensa·
1778 4644 1845 4699 irinc
1870 4653 1940 4707 sunt,

304 4748 436 4819 apidibus
447 4744 560 4818 «quadris
572 4750 728 4799 exstructae.
748 4740 845 4807 »Quos
857 4750 947 4794 alitem
967 4742 1017 4795 boe
1032 4742 1091 4796 loco
1147 4749 1173 4794 et
1187 4740 1247 4794 dnae
1264 4739 1344 4793 inde:
1360 4737 1423 4808 quia
1442 4737 1468 4790 in
1493 4733 1611 4790 exordiis
1631 4734 1688 4787 suis
1709 4740 1808 4787 sancta
1826 4731 1941 4786 Ecclesia

213 4875 221 4891 ι
301 4837 405 4907 lapides
439 4836 557 4907 quadros
584 4833 761 4904 accipiemus,
787 4831 839 4885 nisi
871 4830 1004 4900 quoslibet
1030 4810 1283 4899 san-Dauosrotos
1312 4834 1342 4881 ct
1369 4825 1514 4895 propbetas
1539 4821 1644 4876 babuit.
1674 4820 1832 4891 Prophetas
1856 4831 1938 4876 autera

301 4936 488 4999 ctosqnornm
502 4925 556 4980 rita
582 4924 609 4978 in
631 4922 811 4994 prosperitate
834 4929 916 4991 atque¹
929 4920 1094 4976 aduersitate
1146 4923 1261 4979 dicimus
1274 4937 1327 4975 non
1349 4935 1407 4984 eos,
1428 4919 1474 4989 qui
1496 4918 1524 4972 in
1540 4916 1623 4971 reteri
1638 4915 1739 4984 populo
1764 4914 1883 4980 inerant,
1896 4914 1937 4970 sel

301 5022 378 5076 novit
401 5020 508 5074 sortiter
534 5015 720 5085 star·e?Lapis
746 5015 846 5070 etenim
868 5013 988 5082 quadrus
1016 5027 1094 5082 aeqrre
1145 5030 1203 5079 eos,
1231 5012 1278 5083 qui
1305 5012 1333 5066 in
1362 5020 1456 5065 sancta
1485 5007 1606 5063 Ecclesia
1632 5014 1693 5076 post
1719 5007 1862 5076 apostoles
1882 5012 1936 5062 sum

302 5118 358 5163 stat
383 5109 409 5161 iu
430 5120 593 5176 quocunqne
616 5104 701 5158 latere
730 5102 812 5157 luerit
832 5116 936 5157 versus.
966 5100 1094 5170 Quisquis
1145 5104 1243 5157 exorti.
1263 5101 1409 5156 Posteriori
1436 5115 1544 5169 quoque
1566 5100 1775 5167 temporequol
1802 5106 1935 5157 nunccst.

302 5211 368 5265 ergo
389 5198 415 5251 iu
437 5195 615 5264 prosperitate
638 5208 690 5248 non
709 5192 857 5257 extollitur,
880 5193 906 5245 in
930 5192 1094 5246 adversitate
1146 5194 1229 5248 babet
1242 5190 1421 5262 evangelistas
1441 5198 1523 5259 atque
1537 5189 1672 5246 doctores.
1687 5186 1760 5254 Quia
1775 5203 1845 5243 uero
1857 5188 1936 5242 Eran-

302 5302 358 5343 non
390 5285 545 5355 lraxrgitur,
579 5284 749 5339 suasionibus
780 5282 814 5336 ad
847 5280 918 5336 mala
952 5297 1005 5336 non
1039 5290 1095 5335 tra·
1145 5284 1244 5354 gelium
1259 5281 1360 5337 bonurn
1380 5280 1504 5335 nuntium
1518 5279 1626 5344 dicitur,
1641 5277 1830 5349 eraxrgelistas
1853 5278 1935 5347 utimr

302 5377 393 5440 bitur,
417 5374 695 5444 vituperreionibusa
724 5372 794 5427 bono
821 5387 903 5442 opere
934 5387 986 5426 nou
1018 5387 1095 5427 revo-
1145 5373 1387 5444 appellamus,qni
1402 5372 1513 5427 rudibus
1522 5369 1708 5441 populisbnna
1717 5367 1934 5439 patriaecmlestis

301 5480 391 5536 catur,
417 5468 486 5540 lapis
508 5468 626 5538 quadrus
644 5478 695 5531 est,
717 5476 744 5522 et
765 5469 841 5537 quasi
867 5483 901 5522 cx
920 5467 993 5522 omni
1009 5465 1094 5520 latere
1145 5465 1317 5520 arrnnruiant.
1325 5462 1376 5529 Qui
1389 5462 1515 5517 videlicet
1526 5459 1701 5529 evangelistae
1709 5470 1793 5528 atque
1804 5461 1930 5518 ductaret.

301 5573 403 5620 statum
418 5562 509 5626 babet,
529 5560 575 5630 qui
598 5574 691 5614 casum
706 5558 733 5612 iu
757 5559 878 5628 qualibet
891 5558 1093 5627 permutatione
1145 5566 1172 5612 et
1182 5554 1381 5625 prioriquidem
1392 5561 1513 5623 tempore
1525 5550 1783 5616 luerunt,sednunc
1794 5549 1931 5620 esquelio-

301 5671 355 5711 nou
370 5656 461 5710 babet.
477 5651 558 5708 Certe
571 5648 797 5707 cumludaeomm
809 5649 937 5720 populum
955 5648 1092 5719 Propheta
1146 5640 1835 5713 minolargientepermaneut,quiaadbucquotidie
1848 5635 1932 5695 eui-

302 5766 317 5800 a
333 5746 386 5801 inte
409 5744 498 5815 perire
512 5751 699 5814 cognosceret,
715 5750 742 5796 et
754 5750 863 5796 sanctos
877 5741 1014 5811 apostolos
1029 5758 1092 5797 sur·
1146 5738 1221 5795 deles
1231 5736 1343 5808 populos
1353 5738 1386 5792 ad
1400 5736 1606 5800 ildem·trabi,et
1617 5734 1712 5790 ildeles
1726 5749 1851 5806 quosque
1861 5734 1930 5788 into

301 5828 409 5907 geroio
426 5834 574 5889 Ecclesiam
595 5831 760 5901 praeviderit,
784 5846 832 5899 per
844 5847 913 5901 quos
925 5830 1001 5886 multi
1028 5841 1092 5887 surrt
1147 5844 1345 5900 nosruoresper
1355 5830 1480 5885 doctores
1491 5827 1593 5883 erudiri
1602 5828 1809 5899 cognoscimus·
1821 5821 1929 5900 Apostoli

300 5940 335 5981 ex
349 5937 474 5997 genttbns
493 5926 520 5980 in
542 5924 603 5979 ildei
619 5933 646 5979 et
665 5924 728 5977 rite
755 5920 913 5977 fortitudine
933 5922 1051 5986 solidati,
1066 5923 1093 5977 in
1147 5936 1211 5977 sero
1225 5929 1252 5974 et
1264 5919 1403 5988 prophetae
1427 5916 1461 5972 ab
1475 5917 1527 5972 boc
1542 5926 1663 5985 tempore
1686 5918 1818 5987 praesenti
1842 5908 1928 5970 sublati

302 6033 398 6089 rnaqua
412 6016 594 6072 consolatione
622 6014 727 6070 locotus
744 6021 794 6079 est,
819 6013 912 6069 dicens
928 6032 935 6067 :
951 6034 960 6065 r
978 6012 1094 6084 Lapides
1147 6020 1229 6068 sunt:
1253 6018 1334 6079 atque
1351 6008 1411 6063 idco
1425 6006 1552 6073 dicimus,
1575 6008 1639 6077 qnia
1653 6022 1764 6063 mensas
1789 6008 1837 6061 bas
1856 6011 1930 6075 porte
