4500 6842
306 632 360 686 tas

303 747 378 800 uiam
392 740 521 803 inveniet,
536 738 581 808 qui
596 735 665 791 male
679 742 770 803 aptum
784 732 869 785 verum
884 740 989 797 tempas
1008 725 1096 798 perdi-
1113 735 1135 791 ,t

304 837 355 890 dit.
371 833 409 890 lbi
419 830 477 901 jam
493 830 578 883 alico
590 841 642 881 urin
661 832 749 895 potest
761 822 861 877 mereri
875 822 946 889 (prod
961 819 1037 887 punit,
1053 817 1100 886 qui

305 927 352 983 bic
365 925 452 979 noluit
464 922 556 977 arritire
571 918 640 988 quod
660 916 751 986 jussit.
774 912 824 980 Qui
842 923 947 980 tempus
964 909 1101 978 poerriten-

306 1019 351 1071 tim
365 1017 460 1069 datam
476 1011 596 1081 negligit,
612 1007 713 1062 irrrstra
726 1013 787 1059 ante
801 1003 916 1058 tribuual
930 1001 1029 1056 Christi
1042 1014 1102 1069 pre-

304 1123 353 1161 ccs
365 1103 489 1158 elluadit.
518 1100 657 1155 festinare
670 1098 748 1151 debet
762 1096 946 1165 unusquisqne
968 1102 1101 1153 nostrum,

306 1196 420 1258 iratres,
435 1192 469 1245 ad
481 1193 563 1245 heum
576 1188 755 1243 conuertenda
770 1188 833 1240 etum
846 1193 944 1256 potest,
959 1199 992 1238 ue
1004 1184 1026 1238 si
1040 1185 1102 1238 dum

304 1294 398 1354 potest
418 1281 551 1346 coluerit,
577 1280 688 1333 ornatura
710 1292 773 1331 cirin
790 1277 891 1329 intrare
912 1274 1102 1338 veltrerit,rmu

304 1376 403 1448 possit.
433 1375 547 1441 Serrrper
568 1386 633 1437 erpi>
647 1379 796 1423 extromum
813 1370 883 1423 diem
903 1368 1032 1422 delicatas
1048 1383 1103 1420 rne-

307 1477 396 1528 tuere,
424 1479 504 1532 quem
523 1477 660 1529 nurrquam
684 1475 825 1529 passumus
850 1458 1005 1527 praevidere.
1034 1459 1104 1513 Eece

306 1556 481 1623 naucipsum
499 1553 569 1605 diem
585 1552 610 1603 in
627 1565 679 1619 quo
693 1550 838 1617 loquimur,
857 1551 890 1602 ad
906 1550 931 1603 in
944 1550 1027 1603 incias
1041 1563 1104 1602 min-

305 1643 445 1698 versioais
468 1642 639 1709 :rereepiums2
661 1648 797 1693 ettamen
820 1638 968 1708 malaque
993 1639 1105 1693 fecimus

306 1735 375 1790 llere
389 1749 557 1788 recusamus,
581 1730 638 1784 Non
655 1730 742 1784 solnm
766 1731 910 1784 connaissa
931 1745 984 1783 uon
1000 1728 1103 1799 plangi-

307 1840 393 1887 mus,
417 1822 465 1876 sed
489 1821 571 1874 etiam
597 1835 657 1888 que
677 1818 845 1881 delimatur,
864 1832 1002 1888 arigernus.
1028 1817 1062 1869 alt
1081 1817 1104 1871 si

306 1912 399 1978 aliqua
413 1926 463 1963 uos
477 1909 608 1978 acritudo
630 1909 774 1976 corripiat,
799 1909 821 1960 si
846 1907 923 1977 sigua
938 1906 1105 1975 agritudinis

307 2000 428 2056 vicinam
449 2008 564 2053 rrrrtrtcm
580 1998 750 2058 vlrrnnmieut,
772 1999 894 2052 irrfucias
912 1997 1017 2051 vireruli
1030 2013 1104 2065 qaae·

783 616 936 676 bonthtAE
955 615 1000 672 ott
1017 613 1140 670 restis
1161 609 1366 675 l‘llAEClPUlS,
1387 610 1462 666 ETG.

1426 719 1564 774 ltsttttth
1583 718 1660 774 tati.

1218 831 1250 868 uc
1265 828 1424 869 coa‘rmrrrc
1441 829 1521 866 ιιιιῑιιιι
1534 828 1568 865 er
1586 827 1618 865 ric
1630 825 1737 866 ruente
1753 824 1871 868 turena.

1184 904 1317 958 Admonet
1333 916 1392 964 nas,
1405 900 1573 964 charissimi,
1584 888 1684 953 'beatus
1699 898 1817 954 loarrues
1839 906 1944 968 apesto-

1152 995 1204 1059 luS,
1220 1001 1248 1049 et
1264 992 1298 1046 ad
1318 1000 1503 1059 eerrtemptum
1518 991 1680 1043 caducarum
1699 1003 1789 1042 rerum
1805 997 1944 1057 provocat,

1151 1088 1262 1142 dicens:
1279 1082 1368 1137 Nolite
1387 1082 1495 1151 diliqere
1520 1081 1656 1142 mundum,
1685 1098 1766 1151 acque
1788 1098 1819 1134 eo
1841 1096 1900 1149 qur
1918 1080 1945 1133 iu

1152 1175 1249 1230 mundo
1263 1181 1324 1227 euru
1336 1186 1345 1223 .·
1358 1173 1484 1241 qnoniam
1499 1172 1612 1225 arcendus
1626 1173 1719 1225 tramit
1730 1180 1754 1225 et
1764 1170 1947 1240 concupiscen-

1145 1259 1268 1333 tiaque.
1293 1262 1344 1328 Qui
1366 1272 1452 1315 autem
1478 1261 1540 1330 facit
1554 1261 1712 1314 eolunsatcm
1728 1259 1792 1324 Dei,
1807 1271 1895 1319 moeret
1918 1262 1945 1312 in

1153 1364 1279 1408 eternum
1292 1351 1316 1424 (l
1328 1351 1409 1405 toan.
1427 1350 1467 1419 ιι).
1483 1350 1614 1405 Siruititer
1625 1360 1652 1405 et
1663 1350 1759 1404 beatus
1774 1350 1874 1405 Paulus
1884 1366 1947 1418 apo-

1154 1454 1249 1516 steluS,
1261 1453 1383 1508 sentiens
1398 1454 1432 1505 ad
1446 1451 1626 1514 Tivnotlremn,
1641 1466 1690 1504 nos
1703 1451 1837 1504 instruens
1851 1450 1945 1503 tloeet:

1155 1547 1281 1618 Praeipe,
1310 1547 1407 1616 inquit,
1422 1545 1545 1599 divitibus
1568 1546 1660 1598 mundi
1674 1545 1754 1614 tritius
1769 1561 1821 1598 nun
1839 1545 1949 1613 superbe

1154 1651 1256 1704 cipere,
1282 1649 1364 1704 neque
1379 1650 1484 1702 sprerare
1507 1634 1535 1687 in
1554 1634 1653 1687 incerto
1673 1633 1839 1695 diuitiarum,
1860 1632 1906 1685 seo'
1921 1634 1950 1685 in

1156 1726 1210 1779 ltro
1230 1727 1295 1789 nina,
1321 1726 1365 1796 qui
1388 1734 1496 1795 prrcrtnt
1526 1724 1599 1778 nobit
1620 1724 1708 1778 omnin
1725 1722 1890 1777 abundanter
1914 1722 1948 1774 ad

1156 1815 1305 1884 [verendum.
1326 1816 1377 1883 Qui
1394 1816 1491 1870 divites
1506 1824 1571 1869 sunt
1591 1816 1619 1869 in
1634 1815 1760 1885 operibus
1775 1817 1848 1879 seis,
1871 1814 1950 1869 facile.

1156 1910 1295 1974 tribuant,
1322 1910 1524 1965 eemnnmieent
1552 1926 1613 1965 eunr
1639 1911 1681 1964 his
1702 1912 1748 1980 qui
1771 1928 1823 1964 nou
1838 1912 1950 1973 bahem,

1157 1998 1343 2053 thesaurizent
1360 1999 1410 2053 sibi
1426 2000 1629 2053 tundamentum
1653 2000 1753 2053 bouum
1777 1999 1803 2051 iu
1818 1998 1949 2060 laturum,

308 2091 397 2145 rimus
411 2100 441 2144 ut
454 2098 563 2159 peecata
581 2096 672 2142 uestra
690 2087 855 2142 deliramus:
873 2099 900 2141 et
913 2103 959 2141 eas
973 2105 1034 2142 eum
1051 2104 1104 2139 ιιιιι-
1122 2086 1142 2142 ll
1157 2097 1184 2139 nt
1199 2087 1392 2156 apprehendam
1412 2103 1497 2141 ueram
1513 2088 1591 2140 rutam
1608 2085 1632 2156 (l
1650 2086 1717 2140 liat.
1733 2087 1781 2155 ιιι).
1800 2087 1949 2149 Attendite,

307 2192 364 2246 mro
377 2189 444 2233 estu
459 2179 584 2233 desiderii
599 2178 724 2247 petimus,
744 2193 811 2245 quas
825 2185 950 2246 acceptas
968 2177 1048 2230 trucido
1058 2193 1106 2246 pro

309 2270 397 2324 nihile
411 2272 550 2325 lvalrcnms.
568 2269 714 2324 l‘easenms
726 2286 807 2332 nrtrre,
830 2268 1008 2330 dilectissimi,
1028 2284 1108 2337 super

307 2377 362 2415 nos
373 2360 482 2413 divitias
499 2357 647 2413 etrrrditovis
664 2357 770 2421 uostri;
793 2372 906 2426 peecare
919 2372 967 2412 nos
982 2358 1064 2419 vidit,
1082 2364 1108 2410 et

308 2450 509 2520 pertuli13qui
533 2465 583 2502 uos
608 2455 671 2502 ante
695 2446 802 2515 culpam
826 2462 939 2516 peceare
960 2446 1106 2515 prohibuit,

308 2544 394 2598 etiam
411 2549 473 2608 post
489 2538 594 2608 eulpam
617 2546 774 2607 exspectare
800 2538 833 2592 ad
853 2536 958 2591 vertiam
972 2552 1024 2590 nea
1038 2537 1109 2591 desi-

310 2638 379 2688 st.t;
401 2643 466 2684 ecee
479 2628 536 2697 ipse
551 2643 610 2691 nos,
623 2642 702 2697 quem
715 2627 894 2695 despeximus,
911 2635 1004 2690 socru,
1020 2625 1108 2679 aversi

312 2717 408 2773 abillo
432 2733 536 2782 sturnus,
552 2727 580 2771 et
599 2726 687 2771 tamen
714 2732 767 2771 uon
790 2717 931 2770 avertitur.
960 2716 1035 2772 Unde
1062 2731 1110 2785 per

310 2809 411 2862 isaiam
423 2807 537 2862 dieitur:
555 2807 588 2861 tu
599 2819 674 2862 crurrt
688 2807 757 2862 oculi
772 2808 810 2861 tm'
831 2809 945 2862 ridentes
964 2818 1109 2878 pracepto-

312 2915 369 2953 rem
382 2909 470 2962 trinua,
494 2907 519 2952 et
542 2915 619 2952 aures
637 2909 689 2952 tuor
704 2898 809 2953 aradient
825 2915 912 2969 uocem
935 2909 991 2969 post
1006 2909 1109 2969 terqnm

311 2990 445 3044 morientis
457 2988 524 3060 (lsai.
541 2989 615 3059 avr).
630 2990 712 3057 Qarasi
728 2990 756 3043 in
775 2989 870 3045 laeiem
893 2990 973 3044 banio
990 2992 1111 3044 arionitas

312 3090 368 3146 est,
382 3080 492 3150 «picando
506 3080 538 3133 ad
550 3080 684 3149 justitiam
700 3081 825 3135 conditus
848 3090 979 3150 praccepta
1001 3082 1113 3136 rectitu-

314 3173 388 3228 dinis
399 3174 504 3242 accepit
516 3190 523 3236 ;
540 3173 587 3227 scd
599 3188 660 3228 enm
672 3174 728 3226 lure
743 3173 837 3226 cartem
853 3181 985 3241 precepta
996 3181 1114 3226 contem-

313 3265 380 3334 psit,
397 3263 477 3333 qnasi
493 3262 627 3318 airrttrori
644 3278 693 3317 suo
713 3263 822 3316 dorsum
842 3263 940 3317 anemis
964 3262 990 3315 in
1015 3262 1068 3317 laci
1086 3277 1111 3316 m

315 3354 398 3411 dedit.
417 3355 471 3410 Sed
485 3369 549 3410 ecee
565 3356 654 3411 adhuc
675 3365 736 3423 post
757 3363 862 3426 tergum
878 3355 1000 3425 sequitur
1012 3362 1039 3409 et
1053 3370 1111 3409 nro·

1158 2176 1266 2239 iratres,
1284 2184 1311 2229 et
1324 2177 1440 2232 sollicite
1451 2193 1511 2245 qne
1526 2177 1653 2231 dicuntur
1667 2187 1798 2245 pensate:
1812 2192 1874 2229 nam
1889 2192 1950 2229 crrn

1159 2269 1286 2323 divitibus
1306 2268 1463 2337 precipitur
1477 2278 1507 2321 ut
1521 2267 1706 2321 thesaurizem
1728 2267 1779 2321 sibi
1793 2265 1952 2319 laudemen-

1159 2366 1215 2411 tum
1229 2358 1329 2412 bonum
1351 2358 1378 2412 in
1397 2358 1516 2411 humum
1534 2366 1564 2411 ut
1584 2355 1786 2426 apprehendant
1805 2371 1895 2411 veram
1911 2357 1951 2409 vi-

1161 2457 1225 2510 tam,
1240 2449 1298 2502 siue
1314 2448 1395 2502 dubio
1413 2449 1462 2501 ista
1481 2447 1545 2500 latsa
1572 2448 1626 2501 vita
1639 2455 1691 2501 est.
1717 2446 1882 2500 Etnraxime
1903 2446 1953 2500 hoe

1159 2540 1257 2595 divites
1270 2539 1364 2594 audire
1379 2541 1487 2602 dehent,
1502 2555 1570 2608 qnos
1581 2539 1690 2608 quaudo
1703 2553 1835 2609 pauperes
1847 2537 1954 2593 intuen-

1160 2640 1205 2686 tur
1228 2641 1411 2695 murmurant,
1431 2638 1551 2700 gentum,
1568 2630 1687 2683 laulvmti
1705 2629 1837 2693 invideat,
1852 2628 1953 2697 acquaa

1162 2720 1228 2776 velle
1238 2729 1343 2791 optant,
1358 2720 1476 2789 impares
1489 2734 1518 2773 se
1529 2718 1631 2781 dolent,
1658 2727 1686 2771 et
1701 2717 1772 2772 iuter
1783 2716 1875 2769 laudes
1888 2716 1954 2769 divi-

1162 2822 1228 2877 tum,
1242 2813 1294 2866 hoe
1309 2810 1467 2880 plerumque
1487 2810 1588 2874 dieunt,
1610 2808 1666 2863 Soli
1688 2816 1752 2862 sunt
1764 2808 1807 2862 isti
1820 2846 1828 2872 ,
1843 2807 1887 2861 isti
1901 2807 1954 2862 soli

1162 2903 1264 2959 vivum.
1287 2901 1401 2970 Propter
1415 2900 1472 2954 baee
1485 2914 1549 2968 ergo
1567 2900 1650 2953 verba
1664 2898 1762 2966 quihus
1775 2897 1900 2952 boruines
1912 2905 1953 2952 te·

1163 3009 1229 3049 rrrrcs
1252 2993 1381 3047 divitibus
1407 2989 1551 3044 adulantur
1563 3029 1571 3055 ,
1585 2989 1648 3057 qnia
1664 2989 1713 3057 ipsi
1730 2988 1830 3049 vivnut,
1858 3002 1893 3040 ne
1913 2986 1956 3041 his

1163 3082 1328 3138 adulantium
1350 3080 1436 3135 irrllati
1459 3080 1570 3143 verbis,
1588 3087 1684 3148 poterit
1706 3094 1736 3132 se
1758 3092 1821 3132 vere
1844 3077 1954 3131 virere:

1165 3171 1292 3243 l'raripe,
1304 3172 1402 3241 inquit,
1417 3170 1540 3224 diuitibus
1561 3168 1751 3237 hujusmundi
1773 3183 1826 3221 non
1848 3168 1957 3236 superbe

1164 3279 1266 3333 sapere,
1283 3279 1365 3332 neque
1388 3276 1493 3331 sperare
1516 3259 1657 3313 inincerto
1682 3258 1847 3322 diuitiarum,
1873 3258 1918 3311 red
1931 3258 1958 3310 in

1165 3351 1220 3406 Dro
1242 3354 1308 3416 aaa,
1330 3354 1375 3418 qui
1401 3360 1507 3422 prestat
1534 3350 1606 3403 nobis
1631 3366 1721 3403 otrrrua
1745 3349 1958 3403 abutrdrrnternrt

316 3452 383 3509 net;
401 3442 534 3513 quiajam
552 3452 581 3499 et
605 3457 620 3498 a
636 3444 714 3499 nohis
732 3453 902 3514 conteruptus
913 3452 964 3510 est,
981 3454 1008 3501 et
1023 3454 1112 3500 tamen
1127 3446 1150 3506 C
1166 3446 1317 3516 procudam.
1339 3446 1441 3500 ltivites
1452 3445 1514 3507 siut,
1528 3444 1575 3499 sed
1586 3444 1650 3499 ubi?
1665 3443 1694 3498 la
1704 3444 1843 3512 operibus,
1859 3444 1956 3513 iuquit,

317 3551 366 3590 nes
378 3535 469 3590 adhue
484 3549 581 3590 vocare
596 3550 648 3591 non
661 3544 759 3590 cessat.
779 3535 861 3602 Quasi
876 3537 985 3593 dorsum
997 3538 1022 3593 ei
1035 3538 1062 3592 in
1076 3537 1114 3592 la·

318 3626 386 3682 deni
397 3624 534 3692 dedimus,
550 3626 626 3696 cujus
639 3625 721 3680 rerba
736 3625 909 3696 despicimus,
923 3625 1001 3695 crrjns
1013 3643 1115 3699 pracce-

318 3725 363 3787 ριιι
379 3714 539 3771 caleamust
561 3715 609 3771 sed
633 3724 709 3770 stam
732 3725 794 3785 pest
816 3724 921 3787 tergum
934 3733 984 3772 uos
1004 3732 1114 3773 aversos

321 3814 446 3873 revecat,
470 3806 557 3877 quiet
578 3805 650 3862 ridet
663 3805 735 3875 qued
748 3806 904 3876 despicitur,
921 3817 1050 3863 ettamen
1066 3823 1115 3877 per

321 3908 452 3971 precepta
466 3899 576 3965 darum,
599 3898 813 3969 perpetiendum
828 3907 976 3968 exspectat.
1000 3898 1114 3954 Pensate

322 4008 394 4064 ergit,
409 3992 510 4047 iratres
522 3992 686 4056 charissimi,
704 3991 725 4046 si
739 3990 849 4046 cuilibet
859 4000 978 4046 vestrum
993 3991 1112 4059 loquenti

324 4082 438 4136 lentulus
456 4097 523 4137 suus
538 4081 627 4136 subite
641 4082 802 4152 superbiret,
820 4088 893 4152 terga
906 4082 933 4135 in
946 4081 1041 4136 faeiem
1056 4082 1116 4135 mit·

325 4171 530 4241 rerecauuquid
545 4187 598 4226 ιιοιι
613 4180 784 4242 eerrtemptus
795 4172 936 4236 electrinus,
950 4170 1008 4239 ejus
1022 4187 1116 4240 super·

323 4264 392 4319 biam
408 4263 527 4319 leniret?
548 4262 658 4318 rrrlnera
673 4263 803 4318 districtae
817 4262 1057 4317 animadversionis
1075 4264 1116 4317 in·

323 4353 442 4428 digeret?
456 4354 528 4410 Eece
541 4370 590 4409 nos
604 4353 739 4425 peccando
753 4354 855 4408 auctori
869 4363 970 4417 nostro,
998 4363 1073 4424 terga
1088 4354 1115 4407 iu

324 4445 419 4501 taciem
433 4446 568 4508 dedimus,
580 4453 707 4500 ettamen
721 4444 897 4503 sustinemur.
910 4443 1031 4512 Superbe
1042 4458 1117 4497 aver·

324 4551 366 4594 sas
384 4538 501 4607 licinique
519 4544 652 4592 revocat:
679 4545 706 4591 ct
725 4536 770 4605 qni
795 4535 877 4589 ferire
899 4551 948 4591 nos
960 4544 1117 4589 aversantes

325 4630 420 4699 potuit,
435 4638 465 4682 ut
477 4635 646 4683 revertamur
664 4640 776 4681 munera
788 4625 930 4695 proruittit.
947 4624 1044 4688 Tanta,
1066 4626 1115 4678 oh-

325 4739 409 4784 seero,
429 4721 577 4778 cotiditoris
588 4719 672 4774 nostri
689 4718 873 4773 misericordia
887 4716 1015 4771 duritiam
1025 4726 1117 4771 reatus

1165 3537 1263 3591 bonis:
1281 3535 1360 3591 facile
1381 3536 1510 3600 tribuant,
1533 3535 1596 3603 quia
1619 3551 1672 3589 uon
1690 3534 1807 3603 perdunt
1823 3536 1895 3604 quod
1909 3537 1958 3589 tri·

1164 3629 1270 3692 burrat;
1292 3626 1496 3681 cornmuniecat
1523 3640 1584 3679 eum
1598 3625 1641 3679 bis
1659 3625 1705 3694 qni
1728 3639 1781 3678 uon
1797 3624 1914 3689 lrabeat,
1931 3635 1960 3679 et

1165 3734 1197 3774 cn
1209 3718 1261 3772 hoe
1274 3719 1458 3772 thesaurizent
1471 3716 1523 3771 sihi
1544 3716 1750 3770 l'nndaarentmu
1765 3717 1864 3770 borium
1879 3717 1906 3770 in
1918 3715 1961 3769 lu·

1165 3821 1256 3867 turum
1270 3821 1301 3865 ut
1318 3809 1522 3881 apprehendant
1535 3822 1628 3863 veram
1639 3808 1732 3872 vitam,
1749 3823 1802 3862 non
1814 3808 1961 3862 assentien-

1166 3914 1206 3961 tes
1219 3904 1402 3969 adutantibus,
1425 3903 1471 3973 qui
1491 3902 1585 3957 dicunt
1598 3903 1705 3965 vivere,
1728 3911 1755 3954 ct
1772 3901 1843 3956 solos
1856 3901 1959 3954 virere.

1165 3993 1226 4049 llita
1244 3996 1293 4050 ista
1314 4010 1426 4049 somnus
1445 4004 1498 4058 est,
1519 3993 1619 4048 divitiae
1634 3994 1694 4047 istae
1714 3992 1787 4046 velut
1801 3994 1828 4046 in
1847 3992 1962 4047 somniis

1165 4086 1261 4142 linunt.
1287 4085 1357 4139 nudi
1371 4084 1520 4153 psalmam,
1550 4097 1568 4137 o
1589 4083 1663 4137 dives
1677 4082 1869 4152 pauperrime:
1888 4081 1958 4135 Dor-

1165 4177 1276 4230 mieruut
1299 4191 1420 4228 sciturum
1442 4190 1541 4238 eusrnr,
1562 4181 1587 4227 et
1613 4171 1678 4226 nihii
1697 4174 1850 4228 invenerunt
1872 4188 1960 4227 omens

1165 4265 1215 4320 riri
1235 4264 1389 4319 dinitiarum
1412 4264 1440 4316 in
1465 4261 1586 4315 aturribus
1611 4262 1667 4315 suis
1686 4260 1773 4331 (Psat.
1794 4263 1885 4333 cxxv).
1905 4262 1963 4316 Ali·

1166 4353 1274 4422 qnando
1289 4359 1318 4405 et
1335 4350 1476 4406 mendicus
1494 4351 1521 4404 iu
1555 4358 1628 4404 terra
1651 4350 1757 4419 jaeenS,
1783 4350 1883 4420 lrigore
1908 4361 1964 4406 tre-

1168 4459 1255 4509 mens,
1273 4450 1422 4511 eecnpatus
1446 4449 1534 4495 tamen
1551 4455 1657 4504 mnino,
1675 4440 1817 4494 tlresaaros
1832 4441 1959 4504 sentinat,

1167 4544 1195 4592 et
1205 4536 1313 4607 gaudet,
1327 4544 1354 4590 ct
1373 4535 1495 4605 superbit
1517 4535 1544 4589 iu
1568 4534 1698 4598 somniis,
1711 4542 1739 4587 et
1766 4548 1859 4602 parem
1881 4549 1960 4588 saum

1167 4642 1316 4697 pannosum
1336 4642 1388 4681 noa
1409 4627 1538 4696 dignatur
1556 4640 1724 4695 agnoscere:
1745 4634 1772 4678 ct
1793 4625 1879 4678 donce
1900 4624 1964 4678 der-

1169 4717 1228 4781 mit,
1246 4717 1321 4770 dives
1338 4725 1389 4771 est.
1406 4715 1473 4769 Cum
1493 4729 1558 4784 erge
1574 4713 1743 4781 vigilaverit,
1772 4713 1876 4767 invenit
1890 4715 1962 4783 quod

326 4814 407 4870 nostri
418 4811 549 4875 emolliat,
560 4819 587 4865 et
601 4810 682 4864 homo
692 4809 738 4878 qni
749 4808 848 4862 malum
870 4808 940 4876 quod
957 4806 1020 4862 iecit
1037 4823 1117 4877 eupe—
1130 4790 1156 4849 Ῑ)
1170 4807 1265 4861 lalsum
1278 4806 1428 4877 gaurlebat3
1448 4820 1510 4859 cum
1529 4802 1707 4872 evigilaverit,
1721 4803 1822 4858 invenit
1832 4803 1904 4872 quod
1918 4818 1963 4859 re·

326 4904 370 4957 riri
384 4916 533 4973 percussus
546 4908 662 4969 proterat,
677 4900 949 4969 saltemexspeutatns
963 4901 1115 4954 eruhescat.

326 4991 429 5047 liabete
444 5006 517 5060 erga,
532 4988 632 5045 tratres
652 4992 716 5054 mci,
736 4990 859 5044 thlueiam
879 4991 912 5044 de
929 4989 1117 5045 misericordia

326 5081 474 5137 conditoris
499 5080 594 5143 nestri,
617 5081 734 5151 cogitate
759 5096 819 5149 quac
845 5080 949 5144 sarcitis,
973 5081 1120 5150 recogitate

327 5187 383 5241 quac
394 5168 510 5234 lecistis,
525 5169 676 5240 largitatem
688 5184 810 5239 superare
824 5169 932 5239 pietatis
947 5170 1069 5239 aspicite,
1092 5180 1121 5224 ct

328 5264 358 5318 ml
370 5260 575 5317 misericordem
585 5260 716 5328 jndicem,
727 5259 789 5314 dum
797 5261 884 5315 adhue
894 5268 1042 5329 exspectat,
1058 5275 1120 5315 enm

329 5353 454 5426 lacrymis
471 5354 580 5407 venite:
595 5350 798 5406 considerantes
815 5365 932 5418 tranique
949 5349 1019 5417 quod
1031 5350 1120 5418 justus

330 5446 370 5508 sit,
396 5452 511 5514 peccata
525 5451 616 5497 vestra
632 5442 713 5496 nolite
734 5441 888 5511 negligere3
914 5440 1120 5495 considerantes

331 5547 389 5587 vero
401 5533 475 5602 qrrod
486 5531 547 5599 pins
564 5530 620 5594 sit,
645 5530 728 5584 nolite
749 5531 904 5601 desperare.
925 5529 1031 5583 Prarlict
1049 5530 1119 5597 ΙιριιιΙ

332 5619 412 5677 burm
435 5620 539 5676 honum
555 5620 681 5674 fiduciam
706 5620 777 5674 Dens
792 5622 883 5684 homo,
899 5628 940 5674 est
959 5620 1037 5674 uobis
1059 5635 1119 5688 spes

333 5723 424 5782 aragne
443 5709 654 5779 paenitentibus,
683 5710 746 5777 quia
767 5709 912 5763 advocatus
926 5719 1019 5765 noster
1032 5710 1120 5765 iaetus

320 5793 367 5855 'est
376 5800 462 5869 judex
478 5808 583 5866 noster,
606 5802 653 5870 qui
668 5802 735 5855 vivit
760 5809 786 5855 et
804 5808 899 5871 regnat
914 5816 975 5855 cnm
1001 5801 1079 5855 Patre
1094 5802 1119 5856 ia

335 5891 430 5946 unitate
446 5889 565 5961 Spiritus
585 5892 670 5947 saneti
683 5892 766 5958 licus,
790 5893 940 5962 peremnia
962 5894 1058 5948 saecrrla
1072 5911 1121 5949 sa·-

334 5986 458 6041 celeuma.
478 5986 575 6038 Amen.

490 6078 627 6139 l’aruoc.
650 6080 712 6143 CX.

1172 4917 1231 4954 rum
1246 4900 1344 4953 doleat.
1368 4897 1449 4951 ltires
1465 4910 1531 4963 crgo
1551 4894 1670 4948 moriens
1684 4893 1781 4949 siruilis
1794 4904 1835 4950 est
1850 4896 1963 4965 pauperi

1172 4991 1302 5062 vigilanti,
1322 4990 1368 5057 qui
1381 4989 1525 5042 thesauros
1542 4986 1651 5040 videbat
1666 4986 1693 5040 in
1724 4986 1835 5040 saurais.
1858 4985 1925 5039 Nam
1936 4994 1965 5040 et

1173 5083 1333 5136 minabatur
1346 5093 1466 5149 purpura
1479 5079 1598 5147 etbysso
1610 5078 1719 5146 quidam
1735 5078 1827 5141 dives,
1846 5093 1897 5132 nce
1916 5095 1965 5132 no·

1174 5172 1310 5233 minatus,
1325 5185 1374 5224 nee
1387 5169 1576 5233 nominandae,
1596 5176 1768 5238 contemptor
1785 5170 1912 5239 pauperis
1923 5169 1966 5240 Ja-

1172 5266 1258 5321 centis
1281 5273 1345 5320 aute
1366 5265 1476 5334 januam
1495 5278 1583 5318 suam.
1611 5263 1775 5318 induebatur
1797 5278 1915 5332 purpura
1937 5272 1966 5318 et

1170 5357 1260 5426 bysso,
1276 5355 1345 5409 sieut
1363 5354 1547 5423 eravrgclieum
1561 5354 1744 5409 testimonium
1755 5364 1813 5418 est,
1833 5355 1966 5423 crepula-

1171 5446 1251 5499 batur
1267 5444 1388 5513 quotidie
1408 5444 1557 5513 splendide.
1582 5444 1702 5499 llortuus
1713 5454 1765 5508 est,
1780 5444 1900 5513 sepultas
1912 5456 1964 5510 est,

1172 5535 1325 5605 evigilavit,
1344 5543 1373 5588 et
1396 5550 1425 5588 se
1439 5534 1464 5587 in
1479 5532 1596 5588 narrans
1616 5534 1728 5588 invenit.
1754 5534 1887 5589 Dormivit
1900 5551 1966 5602 crgo

1173 5640 1296 5679 sommum
1310 5639 1400 5687 suum,
1413 5631 1441 5678 et
1450 5624 1516 5678 nibil
1533 5624 1635 5679 inveuit
1648 5623 1691 5677 ille
1701 5623 1856 5679 divitiarum
1872 5625 1897 5677 in
1911 5638 1966 5675 ma-

1174 5715 1330 5778 nibussuis,
1345 5717 1407 5783 quia
1425 5714 1492 5768 nibil
1511 5714 1574 5768 boui
1588 5714 1643 5783 egit
1657 5715 1782 5767 titanibus
1806 5714 1872 5768 suis.
1899 5711 1966 5765 l‘ro·

1173 5816 1234 5877 pter
1249 5807 1331 5860 vitam
1342 5820 1407 5876 ergo
1417 5814 1575 5875 «quaeruntur
1588 5806 1700 5869 divitiae,
1720 5822 1773 5860 tren
1786 5804 1839 5856 rita
1854 5812 1967 5871 propter

1174 5897 1292 5952 divitias.
1316 5897 1402 5964 Quam
1422 5897 1499 5951 uurlti
1518 5912 1579 5951 cum
1602 5897 1658 5951 suis
1677 5895 1797 5950 hostibus
1807 5894 1876 5962 paru
1891 5902 1965 5959 suut,
1989 5876 1995 5885 x

1176 5996 1205 6042 ut
1223 5998 1308 6042 tenum
1322 5989 1456 6055 tollerent,
1472 5998 1498 6043 et
1509 5989 1592 6042 vitam
1603 5988 1801 6055 relinquerent!
1820 5993 1965 6052 qrrrmtmu·

1728 6076 1744 6131 lu
