4500 6842
300 753 351 812 trs
616 749 647 803 n.
668 742 793 800 meum
812 737 922 798 unum
940 735 1101 795 anonim.
1116 733 1273 794 uooour.
1294 731 1436 791 oremus
1457 731 1547 788 runs
1563 730 1601 807 r...
1882 732 1935 788 aa

337 870 415 936 Quod
438 873 463 921 et
486 863 631 935 accepistis.
656 860 685 915 ld
703 867 761 923 εει,
786 855 858 927 quod
880 860 1020 926 acceptum
1039 852 1131 914 ιιι-Λ
1178 845 1280 903 uenae
1300 843 1433 915 Apostoiis
1453 841 1583 898 amulius.
1607 838 1682 896 liulti
1705 838 1751 896 hie
1773 839 1935 913 Apostolos,

301 960 410 1016 huistis.
437 956 471 1011 Et
491 956 549 1010 lraec
571 953 651 1017 dicit,
679 962 713 1005 ne
732 947 769 1003 illi
790 948 842 1002 lroc
866 962 919 1002 non
942 943 1091 1001 credidisse
1142 935 1203 992 illos
1215 950 1309 991 omncs
1324 933 1492 1005 septuaginta
1506 947 1575 1004 quos
1587 930 1717 987 Dominus
1730 931 1804 987 misit
1816 933 1849 988 ad
1863 947 1937 1002 pue-

302 1050 469 1105 riderentur.
1142 1028 1286 1084 dicandum
1303 1025 1415 1095 intelligi
1430 1023 1534 1081 rolant.

339 1137 374 1191 la
392 1151 443 1208 guo
460 1143 484 1187 et
502 1132 587 1186 statis.
603 1130 632 1185 ld
646 1138 707 1196 est,
722 1128 749 1184 in
762 1127 842 1184 bonis
855 1126 983 1197 operibus
1000 1136 1093 1195 perse·
1179 1119 1326 1175 Nouissime
1344 1127 1431 1172 autem
1452 1117 1569 1171 omnium
1589 1126 1713 1187 tungriam
1728 1114 1844 1174 adertiso
1866 1115 1938 1171 risus

303 1233 447 1289 verantes,
462 1224 489 1278 in
503 1222 581 1291 cujus
595 1221 718 1278 doctrina
733 1220 766 1275 ad
781 1219 901 1275 eoelirstia
916 1218 982 1273 estis
996 1216 1091 1271 erecti.
1143 1217 1217 1264 estet
1232 1208 1305 1261 mihi.
1323 1207 1404 1262 Visus
1417 1213 1459 1260 εει
1475 1204 1513 1259 illi
1529 1204 1557 1258 in
1571 1203 1614 1258 ria
1629 1204 1737 1275 quarsdo
1753 1203 1798 1258 lux
1819 1205 1939 1260 circum

327 1315 395 1371 -Per
406 1314 476 1386 quod
488 1324 513 1369 et
526 1312 674 1368 salvamini.
695 1310 725 1366 ld
745 1318 806 1375 est,
826 1324 876 1381 per
896 1306 974 1376 errjus
993 1305 1094 1361 doctri·
1144 1297 1219 1355 fulsit
1232 1313 1294 1353 eum
1319 1296 1418 1352 sivein
1433 1293 1544 1365 templo.
1559 1291 1622 1349 lime
1638 1293 1699 1350 idco
1712 1293 1794 1359 dicit,
1809 1309 1843 1349 nc
1857 1303 1936 1364 puta·

302 1420 368 1463 nam
387 1405 503 1471 salutem
522 1402 653 1472 speratis,
675 1408 702 1455 et
721 1398 873 1457 animarum
893 1408 920 1454 ει
941 1414 956 1451 a
979 1396 1094 1453 (liversis
1144 1397 1204 1444 rent
1216 1403 1278 1444 eum
1291 1387 1382 1441 arrdim
1394 1385 1575 1457 potiusquam
1588 1384 1645 1439 risa
1660 1398 1784 1438 narrare.
1799 1382 1937 1456 Teuparat

302 1495 508 1554 inllrmltatihos
531 1508 694 1563 corpomm,
720 1491 783 1561 quia
810 1490 869 1544 sine
895 1489 947 1546 fide
973 1502 1095 1544 resurre-
1143 1480 1262 1535 ahortiuo
1275 1478 1356 1542 dicit,
1370 1477 1434 1547 quia
1448 1483 1491 1532 est
1503 1490 1646 1547 synagogae
1660 1483 1801 1542 mortuus,
1812 1482 1841 1529 et
1853 1476 1940 1532 natus

304 1587 402 1643 orionis
423 1586 494 1656 perit
513 1584 669 1640 omnimodo
692 1598 754 1655 spes
776 1581 881 1638 salutis.
1145 1568 1282 1634 ecclesia,
1304 1577 1429 1638 tanquam
1454 1566 1589 1633 abortiva,
1613 1566 1647 1621 de
1670 1564 1747 1635 cujus
1768 1565 1823 1620 rita
1847 1564 1941 1622 iuerat

341 1678 402 1744 Qua
426 1678 529 1732 ratione
546 1676 743 1746 prppdicappn'ppp
763 1674 844 1730 vobis.
867 1673 908 1728 Ac
928 1673 950 1728 si
972 1671 1094 1738 (liceret,
1145 1663 1316 1733 desperatum
1328 1662 1379 1717 nisi
1390 1676 1440 1731 pel*
1451 1660 1565 1732 gralialll
1576 1659 1684 1716 Domini
1698 1659 1829 1716 violenter
1841 1660 1940 1718 fuisse!

305 1769 373 1825 Tota
396 1768 465 1823 ratio
479 1766 679 1838 praedicationis
693 1772 793 1819 uostrte
808 1765 937 1827 beccel,
952 1773 983 1817 ut
1003 1778 1095 1817 resur.
1146 1762 1287 1810 attractus.
1310 1753 1451 1809 Attractus
1471 1759 1561 1808 antem
1575 1752 1810 1822 predicationibus
1824 1771 1878 1811 non
1893 1771 1936 1812 cr

306 1860 456 1916 rectionem
477 1857 606 1912 credatis.
631 1855 689 1910 iloc
713 1863 754 1911 est
778 1853 850 1909 eninr
873 1853 1014 1923 praemium
1037 1868 1096 1908 om.
1146 1843 1217 1899 tenis
1238 1850 1267 1898 et
1290 1858 1346 1913 pree
1359 1850 1470 1913 stupore
1489 1842 1619 1898 novitatis
1640 1842 1760 1908 inritus,
1775 1843 1895 1914 quierat
1910 1844 1939 1900 in

305 1952 381 2006 nium
408 1948 455 2019 qui
480 1946 617 2004 Christum
641 1946 831 2013 crediderunt,
857 1944 975 2015 alioquin
1002 1958 1095 2014 snper-
1145 1932 1213 2005 legis
1226 1934 1379 1989 eruditione
1392 1932 1544 2003 perlectus,
1560 1933 1616 1987 sive
1631 1932 1692 1988 ideo
1704 1933 1859 2000 abortivus,
1872 1935 1939 2005 quia

300 2043 376 2099 *uuus
404 2049 446 2098 est
471 2041 559 2097 omnis
595 2037 673 2094 lalror
701 2038 888 2109 jepidorum,
919 2047 946 2095 et
974 2036 1096 2092 omnium
1146 2027 1725 2101 meritosynagogaeunrmaleconerptum
1737 2025 1940 2098 imperfectum-

306 2133 530 2195 trlhulationum,
556 2130 673 2201 quasin
695 2130 824 2185 haesita
847 2144 896 2199 pro
918 2126 1028 2184 Cluisto
1050 2142 1097 2197 pa·
1148 2135 1201 2189 que
1216 2117 1332 2191 peperit.

308 2224 408 2281 tinriui.
1111 2225 1137 2286 Β
1185 2209 1243 2283 Epo
1264 2212 1333 2265 caint
1353 2227 1410 2265 sum
1430 2210 1554 2265 minimus
1575 2208 1763 2280 apostolorum.
1783 2208 1847 2265 Haee
1861 2209 1943 2266 dese

344 2314 374 2370 Si
399 2313 535 2377 retinetis,
557 2312 606 2366 uisi
631 2310 731 2381 [rrtstra
753 2309 909 2365 credidistis.
933 2308 962 2365 ld
983 2318 1025 2364 est
1045 2307 1098 2364 nisi
1149 2311 1261 2373 propter
1278 2301 1459 2357 bumilitatem
1478 2300 1563 2367 (filiii
1586 2308 1713 2356 Cffllerfflss
1732 2308 1791 2355 0¹⁸1st
1812 2301 1943 2358 minimus

305 2401 382 2457 ohliti
406 2401 488 2466 estis,
513 2399 556 2454 rcl
578 2409 668 2465 certe,
691 2399 714 2453 si
736 2398 797 2453 filei
819 2408 917 2454 restrae
935 2396 977 2454 vel
998 2397 1099 2454 laboris
1151 2404 1273 2465 tempore
1293 2409 1346 2449 non
1368 2392 1459 2448 lahore
1473 2410 1479 2446 :
1494 2407 1557 2446 nam
1576 2390 1641 2446 alihi
1662 2391 1716 2458 alt,
1739 2390 1799 2462 plus
1819 2391 1944 2446 omnihus

306 2490 449 2560 praemium
466 2490 631 2561 resurgendo
651 2505 704 2544 non
718 2489 844 2559 speratis,
859 2505 928 2545 rane
943 2489 1064 2546 creditis.
1150 2486 1278 2542 iadoraui.

345 2579 455 2634 Tradidi
468 2581 536 2634 enim
551 2579 621 2633 eolis
645 2580 778 2650 inprimis,
796 2580 822 2634 id
835 2588 894 2646 est,
908 2595 942 2635 ex
955 2596 1009 2651 quo
1021 2580 1099 2637 vohis
1185 2577 1238 2644 Qui
1262 2595 1314 2633 uon
1336 2593 1394 2632 sum
1414 2577 1509 2648 dignus
1533 2576 1621 2631 uocari
1644 2575 1796 2647 apostolus,
1814 2576 1943 2647 quoniam

308 2670 335 2723 in
350 2669 499 2740 primordio
519 2669 663 2739 praedicari
682 2669 781 2723 tradidi
800 2668 959 2740 mysterium
976 2681 1099 2725 resurre-
1149 2680 1300 2745 persecutus
1314 2688 1372 2727 sum
1388 2670 1534 2725 Ecclesiam
1549 2670 1609 2725 Dei.
1624 2670 1713 2738 Quare
1724 2686 1777 2725 non
1791 2671 1828 2727 sit
1841 2671 1944 2742 dignus

308 2760 416 2827 ctiortis,
433 2761 505 2830 quod
519 2760 560 2815 rcl
575 2769 676 2814 nostrae
690 2768 807 2826 constat,
821 2760 864 2814 rel
880 2760 1044 2830 primum...
1150 2763 1208 2834 ipse
1222 2778 1361 2833 exponens
1375 2761 1430 2827 ait,
1447 2759 1578 2827 Quoniam
1600 2775 1749 2830 persecutus
1769 2777 1827 2814 sum
1848 2759 1945 2817 Eccle-

344 2849 422 2917 Quod
435 2861 458 2905 et
471 2851 569 2921 accepi.
582 2851 714 2920 Accipere
726 2866 756 2906 se
767 2850 837 2906 dixit
849 2850 906 2907 sire
922 2850 1027 2922 alege,
1041 2850 1100 2907 sire
1149 2855 1217 2910 siam
1238 2854 1296 2908 liei.
1311 2853 1398 2909 Docet
1413 2868 1463 2908 nos
1475 2851 1600 2922 exemplo
1612 2867 1662 2907 suo
1676 2851 1759 2908 etiam
1778 2852 1802 2908 si
1822 2852 1855 2907 ad
1875 2868 1945 2924 pras

307 2955 322 2993 a
338 2941 499 3006 senioribus,
512 2942 568 2996 sinc
583 2942 617 2997 ah
632 2941 689 3011 ipso
704 2940 817 2996 Domino
831 2957 880 3012 per
894 2942 1097 2998 revelationem.
1149 2962 1212 3003 sens
1221 2944 1414 3017 proiciamus,
1428 2942 1526 2999 deflere
1537 2942 1692 3014 praeteriri,
1706 2943 1803 2998 melius
1813 2951 1856 2998 est
1869 2942 1944 2998 enim

343 3029 474 3098 Quoniam
491 3030 797 3094 Cirristus,raortuusest
813 3049 859 3102 pro
875 3033 1099 3104 peccatisnostris
1149 3035 1261 3091 dimissa
1289 3032 1427 3090 reeordari
1453 3042 1583 3103 peecata,
1608 3047 1690 3103 quam
1717 3031 1841 3088 oblivisci
1870 3047 1946 3087 eorn-

307 3122 449 3177 secundum
464 3122 630 3193 Scripturas.
646 3124 681 3179 Ut
694 3125 797 3195 majore
812 3133 904 3195 posset
916 3125 1012 3181 heatus
1026 3124 1099 3192 dpe-
1149 3128 1242 3183 missa.
1258 3126 1394 3199 Scriptum
1409 3135 1451 3182 est
1466 3126 1551 3189 enim,
1566 3123 1631 3190 Fili,
1644 3125 1765 3195 peccasti,
1782 3142 1814 3181 ue
1828 3124 1945 3196 adjicias

238 3271 242 3276 ,
307 3215 392 3269 stolus
414 3215 576 3268 auctoritate
596 3213 706 3269 ssrnmre
735 3215 807 3283 qsrod
829 3214 1005 3284 predicabat,
1026 3216 1099 3271 lrune
1149 3218 1320 3286 iterum‚rcd
1333 3229 1357 3274 et
1370 3218 1402 3274 de
1414 3218 1552 3289 preteritis
1567 3217 1716 3288 deprecare.

309 3293 369 3364 csse
386 3305 522 3364 Christum
540 3305 703 3361 saltatorem
720 3305 813 3361 rrrrrndi
830 3307 911 3372 dicit,
931 3323 1008 3375 auem
1023 3305 1099 3378 Mop-
1185 3309 1278 3365 Gratia
1292 3319 1379 3364 autem
1392 3309 1441 3364 vei
1454 3327 1513 3365 sant
1527 3309 1555 3365 id
1568 3309 1638 3381 qrtod
1653 3326 1729 3377 sum,
1744 3316 1770 3365 et
1781 3309 1871 3381 pratia
1885 3309 1946 3382 ejus

307 3421 349 3459 ses
371 3414 395 3459 et
418 3400 557 3473 Propheta
578 3391 814 3466 arrationarem,
835 3401 894 3458 ideo
909 3403 1097 3458 etsecuudum
1123 3470 1127 3475 ¹
1148 3404 1228 3459 inere
1242 3419 1324 3457 saeua
1337 3416 1389 3456 non
1403 3400 1463 3469 suit.
1485 3399 1553 3468 Quia
1567 3400 1653 3471 gratia
1674 3417 1727 3472 qua
1748 3401 1883 3472 redempti
1904 3418 1953 3458 su·

309 3493 464 3563 Scripturas
483 3491 642 3561 praetenue
656 3505 716 3545 csse
735 3501 950 3556 circumornetur,
969 3503 998 3547 ut
1015 3491 1096 3559 illud,
1150 3507 1211 3549 mus
1222 3491 1344 3547 lahorem
1357 3498 1502 3547 corratuuur
1515 3506 1569 3546 non
1583 3492 1710 3549 moritum
1722 3491 1858 3563 quasit-it.
1873 3491 1951 3561 ero·

309 3581 385 3640 Sicut
407 3584 467 3639 oris
488 3584 523 3639 ad
542 3583 706 3638 occisionem
725 3582 848 3647 ducerem,
874 3591 902 3638 ει
920 3585 998 3653 spirensi
1013 3579 1134 3655 agirusC
1151 3585 1252 3642 tidinna
1273 3592 1363 3641 autem
1378 3584 1465 3656 gratia
1493 3593 1556 3654 post
1573 3585 1737 3655 baptismum
1757 3585 1948 3656 quotidianum

308 3691 400 3732 eoram
415 3675 777 3741 tonilenteseohrrrutescc13
791 3682 818 3729 et
832 3675 907 3740 illul,
922 3675 1046 3730 Traditus
1060 3688 1098 3732 est
1150 3676 1290 3733 servitium
1317 3674 1418 3731 laboris
1441 3683 1592 3746 exspectat,
1614 3675 1641 3729 in
1663 3690 1717 3746 quo
1739 3676 1855 3748 quisque
1878 3677 1949 3732 hone

199 3842 203 3848 ι
307 3777 412 3839 propter
430 3767 580 3838 iniquitates
596 3775 714 3831 nostras,
735 3775 763 3821 et
780 3766 860 3820 liuore
873 3767 930 3837 ejus
951 3768 1038 3821 serrati
1056 3784 1099 3822 su·
1150 3781 1266 3837 operans
1280 3766 1405 3838 usquein
1418 3764 1499 3822 tinem
1512 3768 1728 3839 perseveraverit
1743 3768 1770 3823 in
1783 3777 1947 3842 perpetuum

307 3876 383 3927 arus,
404 3868 432 3914 et
451 3859 535 3914 multa
556 3858 607 3914 ulia
628 3858 656 3913 in
679 3857 777 3913 diuinis
791 3857 824 3913 de
837 3857 965 3927 passione
978 3857 1037 3928 ejus
1056 3857 1098 3912 in·
1149 3859 1241 3915 salvus
1261 3860 1324 3916 erit.

310 3951 404 4008 venies
415 3950 572 4022 scripturis.

344 4043 380 4099 Et
399 4043 461 4116 quio
477 4041 594 4113 sepultus
608 4049 656 4120 cst.
679 4039 714 4096 Ut
729 4038 795 4093 illud
810 4038 905 4104 isaim,
920 4049 944 4093 et
960 4038 1031 4092 dabit
1046 4038 1097 4092 ira·

307 4135 365 4209 pios
386 4151 433 4206 pro
454 4132 587 4205 sepultura
609 4131 685 4203 ejus,
708 4141 731 4185 et
755 4131 846 4186 diriter
865 4146 913 4201 pro
934 4138 1017 4185 morte
1036 4145 1096 4184 sua.

307 4228 374 4286 lterr
385 4229 452 4300 ipse,
469 4225 611 4297 Sepultura
626 4225 683 4295 ejus
697 4221 801 4279 sublata
812 4234 850 4278 est
865 4222 1007 4278 demedio.

345 4318 378 4373 Ει
398 4317 461 4389 quia
482 4318 595 4371 surrexit
617 4317 693 4371 tertio
713 4317 756 4370 die
771 4316 914 4371 reertrrdum
934 4314 1096 4386 Scripturas.

1419 3928 1562 3985 holitum
1578 3928 1657 3985 exul

1432 4036 1498 4076 reru
1514 4037 1550 4077 or
1564 4036 1657 4076 sorus.

1227 4113 1320 4169 Lectio
1333 4112 1420 4168 saneti
1433 4112 1572 4185 Evangelii
1586 4111 1734 4168 seeundum
1749 4111 1864 4168 Lucam.

1184 4227 1218 4282 In
1234 4227 1280 4282 itta
1299 4236 1431 4298 tempore,
1446 4228 1498 4281 duo
1514 4227 1631 4281 homines
1644 4226 1817 4281 escenderunt
1834 4226 1946 4282 in'tertt-

1147 4318 1220 4391 pium
1241 4328 1269 4373 ιιι
1290 4327 1396 4373 orarent
1408 4333 1417 4373 :
1431 4333 1500 4372 uarts
1516 4314 1670 4372 Plrurisecus
1690 4324 1714 4370 et
1735 4315 1803 4370 aiter
1824 4315 1947 4386 publiea·

308 4407 398 4466 ilahes
412 4408 439 4462 in
459 4405 544 4471 Osce,
559 4406 699 4473 vivificabit
713 4422 759 4461 nos
773 4416 830 4476 post
846 4405 912 4461 duos
926 4407 1001 4474 dies,
1015 4407 1043 4462 in
1055 4407 1098 4461 die
1148 4428 1214 4476 aas,
1230 4419 1284 4467 etc.

308 4502 384 4556 tertia
398 4499 532 4557 suscitabit
547 4514 604 4564 nor,
618 4506 642 4552 et
655 4498 767 4553 uitentur
782 4499 809 4552 ia
824 4508 960 4568 conspeetu
973 4499 1042 4569 ejus.

1182 4500 1346 4557 Publicanos
1358 4501 1498 4557 humiliter
1510 4514 1591 4557 orans
1606 4499 1639 4554 ad
1652 4498 1697 4553 illa
1710 4497 1832 4569 praelatae
1845 4499 1944 4567 ridtrae,

343 4587 546 4662 deputantem
569 4587 735 4658 audepha,
764 4588 791 4642 id
808 4597 865 4654 εει,
882 4589 974 4644 Petro.
991 4590 1098 4662 Cophos
1149 4590 1680 4661 honestEcclesiaememlrrapertinet,
1696 4589 1847 4659 dequibus
1862 4605 1944 4662 supra

307 4682 381 4737 enim
404 4679 503 4754 Syrum
528 4694 626 4735 nomen
648 4687 699 4733 εει.
721 4678 853 4750 Apparuit
873 4680 953 4736 Petro
974 4681 1044 4736 sicut
1069 4682 1097 4737 in

307 4773 452 4845 Evangelio
467 4772 670 4843 scriptumest,
685 4770 747 4842 guia
761 4774 882 4842 apparuit
898 4772 1011 4830 Siuroai.

1147 4680 1256 4746 dicitur,
1276 4680 1346 4736 Deus
1363 4690 1450 4734 autern
1469 4681 1546 4750 [ucict
1563 4680 1703 4734 eirrdictum
1722 4676 1867 4733 electorum
1880 4697 1945 4735 suo·

1148 4791 1207 4828 runt
1228 4773 1399 4829 clamantium
1413 4773 1449 4827 od
1463 4790 1499 4827 se.
1515 4771 1669 4827 lerisaeus
1685 4778 1776 4825 arrtem
1791 4771 1892 4827 merita
1906 4769 1946 4841 js·

341 4866 376 4922 m
387 4876 444 4937 post
459 4865 507 4919 hoe
520 4864 649 4919 undecim.
664 4861 776 4930 Qttando
789 4861 824 4916 ad
836 4863 984 4934 eosjauuis
997 4863 1097 4920 clattsis
1148 4875 1245 4935 ctans,
1268 4867 1301 4923 ud
1320 4882 1368 4933 ea,
1389 4865 1423 4922 de
1443 4866 1542 4936 quihus
1565 4863 1693 4920 terribilis
1716 4862 1742 4917 in
1764 4863 1945 4920 conclusione

307 4955 429 5013 intrarit.
449 4955 507 5011 lloe
526 4956 743 5028 intelligendum,
759 4956 823 5028 quia
838 4957 865 5011 in
879 4955 1025 5026 Evangelio
1039 4971 1095 5011 nou
1109 4928 1136 4989 D
1148 4958 1281 5014 sententia
1294 4956 1427 5021 subditur,
1440 4967 1616 5012 cerumtamen
1626 4956 1698 5025 filices
1712 4955 1827 5011 hominis
1838 4956 1943 5012 ueniens

308 5063 402 5104 ornnes
422 5048 529 5118 scriptae
551 5056 614 5102 sunt
633 5048 765 5116 visiones,
788 5049 835 5104 sed
855 5055 960 5102 tantum
982 5062 1043 5118 quse
1060 5045 1096 5102 ad

308 5138 475 5194 erudientium
489 5136 642 5193 sufficerent
656 5138 747 5195 [idern.

262 5249 265 5254 ·
342 5229 443 5284 Beinde
455 5229 525 5283 uisus
539 5238 575 5284 εει
589 5228 648 5298 plus
662 5245 741 5300 quam
760 5229 905 5300 quingentis
920 5227 1046 5298 fratribus
1059 5228 1096 5283 si-

307 5324 383 5386 mul,·
402 5337 435 5375 ea
451 5320 545 5391 quidus
560 5318 634 5373 multi
648 5330 752 5375 manent
771 5337 851 5392 usgue
864 5320 967 5385 adhue,
985 5320 1094 5392 putidam

307 5423 395 5467 autern
414 5409 585 5465 dormierunt.
610 5409 644 5466 Ut
658 5412 729 5467 onim
744 5410 831 5482 major
853 5410 920 5467 fides
931 5412 1094 5477 'liaberetuu

306 5501 505 5559 rrrultitudincm
528 5501 637 5555 testium
658 5500 829 5572 interposuit.
846 5501 886 5556 Er
901 5500 998 5572 quibus
1017 5499 1094 5555 multi

307 5592 398 5647 sisere
417 5591 552 5656 dicuntur,
570 5591 616 5662 qui
629 5592 733 5662 possint
746 5592 905 5664 interrogati
925 5593 1015 5647 dicere
1032 5606 1094 5662 quae

305 5683 439 5740 viderunt.
455 5680 529 5736 llolti
543 5697 606 5737 sero
616 5681 672 5750 jam
687 5682 803 5738 dormire
817 5683 941 5738 dicuntur
953 5683 980 5737 iu
994 5691 1092 5737 morte.

340 5775 441 5832 Deinde
451 5775 522 5830 uisus
534 5785 571 5830 est
595 5773 705 5829 Iacobo.
731 5773 946 5845 Jacoholllphmi
970 5789 1092 5830 scorsum

305 5866 446 5939 apparuit,
471 5864 563 5921 lerunt
585 5865 656 5920 enim
678 5863 749 5934 qood
772 5864 831 5935 ipse
851 5862 968 5919 Jaeohus
990 5863 1093 5933 niphal

306 5963 421 6013 testatem
433 5956 485 6025 sit,
508 5955 536 6010 in
549 5968 627 6010 ooena
640 5954 745 6010 Domim
759 5955 862 6022 dicens,
884 5969 938 6009 nou
951 5970 981 6011 se
1001 5968 1093 6010 eosne-

1147 5059 1224 5120 putas
1237 5049 1348 5103 inueniet
1361 5048 1440 5117 fidem
1454 5047 1482 5102 in
1500 5047 1594 5102 terrai

1184 5138 1338 5196 Pharisaeus
1363 5149 1453 5205 stans,
1479 5140 1534 5195 hac
1561 5139 1633 5210 apud
1658 5155 1685 5194 se
1711 5138 1804 5194 eradat
1831 5141 1943 5198 dicens:

1147 5231 1237 5300 Deus,
1261 5232 1362 5304 gratias
1386 5248 1436 5302 apo
1460 5231 1506 5285 tili
1526 5231 1589 5302 quia
1608 5246 1660 5284 tran
1683 5245 1741 5284 sum
1762 5244 1833 5284 secut
1855 5243 1943 5284 certem

1147 5324 1297 5387 honrinum,
1321 5330 1456 5391 raptores,
1480 5319 1588 5390 injusti,
1614 5315 1749 5372 adulteri:
1771 5317 1943 5373 reluctatione

1148 5417 1191 5471 irie
1208 5414 1375 5486 prtltieenus.
1397 5412 1517 5481 Quatuor
1537 5418 1600 5467 sunt
1619 5410 1723 5481 speeies
1738 5408 1838 5480 quihus
1853 5408 1943 5464 omnis

1149 5514 1241 5561 tumor
1255 5504 1441 5576 armgantium
1464 5504 1676 5567 demonstmtur‚
1694 5500 1736 5555 sel
1755 5516 1819 5558 eum
1839 5501 1941 5556 honum

1149 5612 1165 5652 a
1193 5594 1347 5667 semetipsis
1370 5592 1472 5650 habore
1500 5608 1530 5648 se
1560 5593 1736 5656 existimant;
1764 5599 1813 5646 aut
1841 5591 1864 5647 si
1891 5588 1943 5646 sili

1148 5684 1242 5741 datium
1261 5683 1379 5756 desuper
1400 5683 1514 5739 credunt
1536 5697 1587 5752 pro
1605 5682 1662 5736 suis
1681 5697 1710 5737 se
1730 5682 1782 5737 hoc
1803 5680 1943 5753 accepisse

1148 5775 1253 5831 meritis
1274 5783 1387 5845 putant,
1409 5780 1456 5827 aut
1477 5780 1551 5829 certe
1569 5771 1676 5843 iactant
1696 5786 1725 5826 se
1747 5771 1851 5827 hahere
1870 5769 1943 5842 quod

1147 5879 1200 5920 non
1215 5865 1326 5929 hahent,
1341 5870 1388 5917 arrt
1401 5861 1537 5932 despectis
1551 5861 1656 5917 caeteris
1668 5860 1845 5932 singulariter
1856 5860 1942 5916 rideri

1147 5965 1277 6028 appetunt
1305 5956 1424 6022 hahere,
1451 5954 1523 6025 quod
1548 5955 1671 6021 hahent,
1695 5955 1760 6025 quia
1784 5952 1943 6011 Pharirmut

305 6059 410 6107 sermm
426 6065 524 6122 panem
543 6049 694 6122 usquedum
707 6049 812 6107 videret
835 6047 973 6106 Christum
988 6062 1004 6104 a
1019 6061 1092 6104 mor·
1145 6049 1198 6106 iste
1218 6046 1358 6118 jactantiae
1379 6053 1455 6117 peste
1481 6046 1620 6103 lahorasse
1644 6045 1870 6115 deprehenditur,
1895 6045 1942 6116 qui

305 6145 360 6203 tuis
379 6153 571 6216 resurgentem.

1148 6139 1249 6198 idcirco
1264 6137 1298 6196 dc
1312 6136 1410 6209 templo
1435 6138 1538 6209 absque
1560 6135 1756 6207 justificatione
1780 6135 1941 6203 descendit.
