4500 6842
303 625 356 722 sn
767 656 942 718 eonnsnr.
962 654 996 711 tn
1019 645 1244 709 menotense.
1264 667 1300 688 ..
1317 641 1382 701 tn.
1402 642 1457 702 vn.
1826 645 1828 650 ·
1862 640 1923 701 att

286 785 349 830 ¹tur
365 751 436 828 Deris
450 788 458 825 :
474 789 485 822 a
499 768 616 839 beringe
641 768 711 824 sieut
735 768 776 823 vir
799 768 904 822 lurnbos
929 773 989 821 tuos
1014 757 1085 835 (lob.
1102 765 1203 824 Atunc
1225 756 1374 826 accipimus
1396 756 1474 827 iuxta
1496 753 1625 825 mysticos
1650 751 1803 809 Intellectus
1817 756 1925 822 mando

302 862 429 931 surm).
448 859 507 915 »Et
526 858 660 915 comesuri
685 873 783 927 agnum
809 855 920 911 calceati
939 854 1031 924 pedes,
1045 862 1086 907 te-
1139 861 1201 902 cum
1228 846 1358 916 Apostolo
1380 860 1524 915 possumus
1550 845 1660 900 dicere:
1683 842 1812 899 «Christi
1837 844 1926 899 bonus

303 960 400 1008 aeuus
410 949 546 1014 baculum,
562 956 665 1003 stantes
682 947 709 1001 iu
719 945 857 1015 Evangelii
869 945 995 1007 veritate,
1012 952 1038 999 et
1053 944 1087 998 ad
1137 938 1206 992 odor
1218 951 1321 1001 sumus,
1333 936 1361 990 in
1376 936 1417 990 bis
1434 936 1480 1007 qui
1492 934 1559 990 salvi
1572 934 1650 1000 liunt,
1664 941 1691 989 et
1709 934 1736 989 in
1748 933 1792 988 bis
1803 932 1848 1003 qui
1861 947 1925 1003 per·

302 1041 405 1098 Christi
419 1038 578 1110 sanquinem
589 1038 745 1108 praeparati,
760 1036 867 1090 lumbos
888 1033 1024 1089 accinctos
1040 1033 1089 1088 bu·
1139 1038 1215 1091 ettttt,
1230 1028 1291 1081 aliis
1302 1027 1411 1097 quidem
1422 1027 1489 1082 odor
1502 1026 1598 1081 mortis
1618 1026 1643 1079 in
1659 1033 1772 1079 mortem
1784 1038 1792 1077 ε
1803 1023 1864 1080 aliis
1877 1038 1927 1080 ae·

301 1132 370 1188 bere
380 1130 518 1185 dicuntur.
531 1127 591 1196 Qua
607 1142 675 1182 aona
694 1125 876 1181 mortificante
887 1125 1002 1188 lumbos,
1016 1121 1089 1178 ntus
1140 1128 1193 1172 tem
1210 1119 1278 1172 odor
1290 1120 1353 1171 vitae
1375 1116 1402 1169 in
1424 1117 1505 1170 vitam
1517 1113 1558 1185 (ll
1570 1113 1632 1169 Cor.
1648 1121 1691 1183 ιι),
1709 1133 1718 1166 v
1735 1114 1842 1183 quando
1854 1114 1925 1170 rlvl·

301 1235 412 1293 quoqne
424 1230 452 1275 et
465 1218 583 1275 loannes
595 1218 717 1290 Baptista
732 1217 919 1286 accinguntur.
938 1215 976 1269 lie
991 1213 1089 1283 quibus
1140 1226 1211 1274 raus,
1222 1219 1250 1264 et
1265 1210 1297 1262 de
1315 1209 1393 1263 nobis
1413 1208 1464 1263 dici
1486 1215 1575 1277 potest
1590 1224 1596 1259 :
1612 1225 1621 1257 r
1637 1205 1695 1260 lion
1716 1206 1814 1260 mortui
1833 1205 1927 1260 lauda·

302 1318 332 1366 et
342 1311 478 1381 penitens
490 1308 614 1363 debiliter
628 1307 791 1378 ingemiscit,
804 1306 916 1362 dicens:
933 1303 1088 1371 «Quoniam
1140 1299 1207 1353 bunt
1222 1309 1258 1361 te,
1275 1298 1395 1361 Βοιιιίιιο,
1410 1297 1456 1350 sed
1481 1312 1529 1349 vivis
1547 1295 1668 1349 viventes
1681 1292 1691 1364 i
1703 1292 1778 1348 Psel.
1802 1294 1897 1365 emar),
1914 1314 1923 1347 ι

302 1398 389 1455 lumbi
401 1398 454 1453 mei
464 1397 565 1468 impleti
579 1405 642 1452 sunt
652 1396 822 1452 illusionibus
838 1394 925 1466 (Psoi.
939 1394 1054 1464 xxxvia).
1074 1410 1084 1445 ι
1142 1398 1206 1444 tune
1224 1388 1353 1442 odoratur
1371 1386 1440 1440 Deus
1462 1386 1572 1440 odorem
1595 1384 1721 1439 sacrideii
1741 1383 1827 1438 nostri
1849 1383 1927 1438 bonae

340 1506 352 1540 r
369 1486 405 1542 Et
422 1486 498 1541 indui
512 1478 539 1541 t'e
559 1485 712 1541 subtilibus.
734 1484 883 1555 »Coriprue
907 1483 971 1548 illis,
982 1483 1016 1537 de
1029 1483 1090 1553 qui·
1140 1480 1305 1550 fragravitiae,
1327 1487 1355 1535 et
1380 1493 1491 1533 aureum
1513 1477 1644 1533 circulum
1667 1491 1805 1543 sensuum,
1826 1491 1859 1532 ae
1878 1477 1927 1531 do-

302 1578 356 1632 bus
382 1576 526 1645 increpans
554 1575 680 1630 dixerat:
698 1594 707 1626 v
728 1574 906 1628 lucrassatmn
921 1582 962 1627 est
979 1587 1028 1627 cor
1041 1588 1090 1641 po-
1139 1580 1258 1640 qmatum
1270 1568 1561 1647 divinorumhabenaus
1571 1566 1598 1621 in
1610 1566 1732 1631 auribus;
1745 1566 1926 1635 quandovero

302 1664 359 1734 puli
372 1661 462 1733 buius,
475 1671 505 1717 et
518 1663 699 1728 manducavit,
714 1674 742 1734 et
754 1662 822 1717 bibit
833 1660 928 1726 tamn,
943 1670 971 1715 et
984 1670 1089 1737 satura-
1139 1662 1239 1717 mortui
1255 1676 1358 1725 sarnus,
1372 1668 1400 1714 et
1422 1673 1563 1713 versamur
1578 1658 1605 1713 in
1619 1671 1709 1723 coeno,
1726 1665 1808 1726 atque
1825 1656 1851 1710 in
1868 1670 1927 1711 sor·

303 1762 347 1808 tos
372 1762 426 1819 est,
455 1760 484 1808 et
511 1753 677 1807 incrassatus
701 1760 760 1817 cst,
787 1760 816 1806 et
845 1751 996 1807 calcitravit
1022 1752 1089 1806 dile·
1140 1752 1219 1807 dibus
1231 1747 1579 1819 turpitudinum,lraberuus
1591 1746 1662 1801 illaru
1678 1745 1800 1800 inaurem
1810 1746 1837 1799 in
1852 1744 1926 1799 nari·

303 1850 376 1908 etus,
403 1851 430 1897 et
450 1841 593 1913 dereliquit
619 1842 701 1897 [teum
728 1842 860 1898 factorem
880 1858 971 1910 suum,
995 1863 1005 1897 v
1026 1854 1090 1900 tunc
1140 1841 1202 1905 bus,
1214 1838 1247 1894 de
1262 1854 1314 1909 qua
1331 1839 1427 1893 scribit
1444 1837 1590 1893 Salomon:
1608 1856 1618 1889 r
1635 1835 1711 1891 Sicut
1724 1837 1833 1892 inaures
1850 1836 1926 1892 aurei

304 1935 422 1990 tenuitas
446 1936 562 1991 vestium
578 1936 758 1990 coadunatur.
783 1934 850 1989 Nam
866 1945 894 1989 et
917 1937 943 1990 in
958 1936 1026 1991 libro
1038 1935 1089 1992 Sa·
1141 1930 1168 1986 in
1180 1930 1291 2004 naribus
1303 1943 1394 1999 porcae
1405 1944 1412 1990 ;
1424 1928 1465 1982 sie
1480 1926 1586 1982 mulieri
1600 1926 1670 1982 male
1681 1934 1792 1981 moratae
1807 1926 1927 1998 pulebri·

302 2025 421 2097 pientia,
448 2027 494 2097 qui
519 2027 708 2095 aquibusdarn
735 2025 886 2082 Salomonis
911 2027 1067 2082 inscribitur
1080 2042 1109 2107 ε..
1142 2022 1206 2077 tudo
1222 2018 1409 2091 (Prot-xxti·

304 2115 423 2185 Spiritus
447 2116 597 2186 sapientiae,
622 2117 778 2187 unigenitus
792 2125 820 2171 et
840 2117 991 2186 multiplex,
1002 2118 1128 2191 tenrrisp
1179 2129 1189 2162 t
1205 2111 1238 2165 Et
1250 2110 1365 2165 circulos
1379 2110 1406 2164 in
1421 2109 1533 2164 auribus
1550 2108 1612 2163 tuis.
1628 2128 1637 2161 v
1654 2107 1828 2180 Septuaginta
1844 2126 1851 2163 ι
1867 2127 1877 2161 r
1892 2108 1928 2164 Et

303 2214 332 2261 et
343 2206 480 2261 mutabilis
499 2207 659 2276 appellatur.
674 2208 706 2262 Et
728 2208 873 2262 piammon
890 2222 944 2278 qno
957 2207 1088 2277 scripturn
1141 2199 1243 2254 rotulas
1264 2215 1346 2269 super
1359 2213 1439 2255 aures
1459 2208 1529 2253 tuas.
1546 2218 1556 2250 ι
1572 2198 1624 2266 Qui
1639 2198 1739 2254 claudit
1756 2214 1836 2254 aures
1851 2213 1927 2265 suas,

303 2303 346 2351 est
362 2314 369 2349 :
387 2313 398 2347 a
420 2295 520 2353 Panem
533 2298 689 2366 angelorum
709 2297 881 2353 rnandacavit
906 2298 985 2354 homo
1001 2296 1087 2370 (Ρωὶ,
1140 2306 1175 2345 ne
1188 2289 1420 2359 andlatjntliclnm
1436 2289 1586 2360 sanguinis,
1600 2297 1628 2343 el
1639 2290 1710 2357 sepit
1723 2303 1770 2343 ens
1781 2286 1876 2359 spinis,
1892 2300 1927 2343 tte

304 2385 420 2456 cxxv-n),
439 2405 449 2439 ι
468 2388 654 2442 muniminum
678 2387 706 2442 tn
720 2387 923 2443 stmnnudinen
947 2388 1050 2458 pruine
1062 2396 1091 2443 et
1140 2381 1275 2451 particeps
1292 2380 1338 2433 ssat
1362 2380 1459 2434 invidis
1475 2389 1503 2434 et
1521 2379 1755 2442 detrectatoribus,
1780 2379 1813 2434 de
1827 2380 1928 2450 quinus

302 2477 434 2530 senvcmis
447 2476 584 2531 coriandri
609 2476 693 2533 luime
704 2486 842 2532 vvarratur.
858 2477 1089 2548 Possumusjuxta
1140 2472 1270 2543 seriptum
1285 2479 1346 2526 est:
1364 2469 1455 2525 «Cum
1471 2470 1694 2526 detrectatoribus
1706 2485 1741 2524 ne
1753 2470 1927 2525 commiscea-

303 2563 556 2634 interpretationem
595 2565 719 2620 secundae
754 2565 880 2623 editionis
905 2566 1019 2637 Aquilae,
1043 2569 1089 2637 qui
1140 2562 1189 2628 ris,
1204 2562 1330 2632 quoniam
1344 2568 1454 2642 repente
1472 2560 1562 2615 veniet
1576 2560 1700 2615 interitus
1713 2574 1819 2627 eorum,
1830 2569 1858 2614 et
1870 2562 1927 2615 rni-

302 2649 429 2708 floridum
444 2653 638 2724 interpretatus
664 2654 921 2720 estvestimentum,
937 2655 1090 2711 ubertatem
1140 2668 1203 2707 nana
1228 2653 1370 2720 utriusque
1396 2654 1457 2720 quis
1485 2650 1578 2704 noviti
1605 2648 1702 2720 (Prae.
1726 2649 1811 2721 xxiv)
1834 2668 1845 2700 a
1871 2660 1925 2703 raro

305 2756 386 2801 terrae
397 2743 473 2801 ludae
486 2761 536 2816 per
556 2747 742 2817 metaphoram
769 2745 930 2817 intelligere,
945 2745 988 2801 vel
1007 2747 1091 2801 divini
1140 2744 1264 2798 videlieet
1282 2744 1341 2812 eius
1365 2746 1412 2811 qui
1428 2742 1557 2804 detrabit,
1569 2756 1650 2810 quam
1675 2739 1755 2805 illius,
1771 2740 1816 2809 qui
1834 2739 1922 2795 liben-

304 2837 394 2893 eultus
408 2836 649 2907 pulchritudinem.
1142 2842 1183 2888 ter
1201 2832 1344 2894 auscultat,
1360 2832 1411 2886 iste
1424 2830 1539 2886 circulos
1553 2832 1674 2885 habetet
1691 2829 1793 2884 rotulas
1812 2830 1840 2883 in
1853 2829 1928 2885 anri·

342 2929 401 2981 «Et
427 2917 520 2982 ornavi
546 2937 572 2984 te
590 2937 790 2984 ornamento.»
817 2926 988 2984 Generaliter
1011 2943 1092 2983 orna·
1141 2924 1203 2987 bus,
1221 2939 1275 2978 ¹¹0¹!
1299 2930 1388 2986 roias·
1416 2936 1476 2990 ‘1¹¹²'
1500 2926 1649 2989 &nunnius
1671 2917 1833 2985 Cherubim.
1860 2916 1927 2974 illud

302 3025 395 3072 menta
410 3031 481 3072 nune
497 3017 583 3088 ponit,
603 3016 746 3087 dequibus
764 3017 791 3071 in
805 3017 1031 3087 consequentibus
1045 3033 1093 3087 per
1141 3012 1214 3065 enim
1235 3010 1416 3081 angelicarum
1432 3009 1618 3064 tortitudinum
1638 3016 1689 3072 est,
1705 3009 1752 3064 sed
1771 3008 1873 3063 rotans
1887 3010 1927 3063 di-

302 3116 398 3180 partes
410 3117 561 3174 enumerat,
574 3106 732 3166 armillaset
744 3116 876 3179 torquem,
888 3110 998 3164 inaures
1009 3119 1037 3163 et
1047 3124 1093 3163 co-
1142 3101 1487 3170 nrinutive,quaeburnanae
1498 3097 1929 3169 conveniuntirassilitati.Quam·
1962 3103 1965 3110 '

302 3213 402 3255 mnam
421 3207 450 3255 θ)
468 3198 583 3268 reliqua,
600 3213 660 3269 (μω
688 3206 845 3254 ornamenta
870 3200 963 3254 qfqpujq
985 3199 1094 3254 refusa.
1142 3189 1236 3246 obrem
1257 3200 1284 3245 et
1305 3191 1339 3244 ad
1363 3188 1447 3243 Deum
1468 3188 1586 3244 dieitur:
1605 3206 1614 3240 ι
1630 3188 1686 3243 vox
1709 3188 1820 3243 tonitrui
1843 3190 1882 3243 tui
1901 3190 1929 3244 in

303 3288 370 3344 lem.
383 3287 418 3343 Et
428 3287 455 3343 in
466 3287 535 3345 lsaia
550 3288 659 3355 dieitur,
673 3289 744 3359 quod
759 3289 822 3345 vitio
831 3305 880 3345 suo
892 3291 1016 3345 universa
1030 3306 1092 3361 per·
1142 3292 1203 3338 tola
1217 3279 1303 3354 (Psoi.
1322 3284 1424 3351 tulli·
1443 3299 1452 3332 t
1468 3281 1496 3334 ΙΙ)
1511 3281 1554 3336 his
1567 3280 1651 3345 essim,
1672 3281 1718 3350 qui
1742 3290 1848 3336 terrens
1866 3296 1928 3350 net·

304 3380 415 3435 diderit.
434 3377 570 3449 Scriptum
590 3386 633 3433 cst
652 3378 743 3434 enim:
760 3399 768 3429 ι
785 3378 881 3435 Proeo
894 3381 964 3450 quod
984 3380 1094 3436 elevare
1144 3382 1295 3440 transeunt,
1318 3383 1345 3429 et
1362 3375 1406 3428 vix
1425 3372 1537 3429 modieis
1556 3373 1678 3444 vestigiis
1698 3374 1859 3445 contingunt
1875 3384 1929 3428 ter-

302 3477 387 3534 snnt,
409 3468 461 3524 boe
485 3468 544 3537 esti,
567 3468 777 3540 superbierunt,
798 3467 868 3523 ntiae’
880 3468 1045 3533 ierusalem,
1064 3478 1091 3525 et
1104 3470 1128 3534 (ζ
1143 3480 1212 3530 ram,
1226 3465 1370 3537 dequibus
1384 3466 1512 3534 seriptum
1524 3474 1584 3519 est:
1600 3484 1609 3517 ι
1623 3465 1747 3534 Lapides,
1760 3466 1806 3535 qui
1819 3464 1931 3520 volvun-

304 3558 514 3615 atnbolaveruut
524 3556 630 3613 'excelsa
641 3557 747 3613 cervice
759 3557 826 3629 (lsu.
843 3558 896 3629 ιιι),
914 3578 924 3611 a
942 3566 969 3614 et
982 3569 1091 3625 eaetera,
1145 3566 1191 3611 tur
1213 3572 1294 3627 super
1307 3564 1419 3621 terram,
1436 3575 1446 3607 ι
1463 3570 1513 3610 vox
1528 3556 1640 3612 tonitrui
1667 3556 1771 3611 bomini
1789 3566 1817 3611 et
1840 3555 1928 3613 excel·

283 3664 356 3722 pro
371 3662 439 3702 zerra
453 3646 581 3702 accinetae
596 3654 660 3702 sunt
677 3645 795 3712 turribus,
819 3656 845 3701 et
866 3663 914 3717 pro
929 3656 1026 3704 ornatu
1049 3665 1095 3704 ra·
1144 3666 1235 3707 sorum
1254 3650 1410 3720 dogmatum
1436 3659 1574 3719 personat.
1604 3649 1655 3714 isui
1680 3658 1770 3705 autern
1789 3648 1929 3705 erroribus

303 3740 373 3814 pitis
385 3738 661 3809 calvitiodcturpatae,
681 3746 709 3794 et
728 3754 778 3809 pro
791 3738 912 3809 pulchris
926 3746 955 3794 et
970 3739 1095 3796 mollibus
1144 3743 1278 3799 ducuntur
1297 3741 1434 3805 numanis,
1453 3750 1481 3795 et
1501 3754 1555 3796 uon
1580 3738 1786 3800 babent.solida
1804 3739 1928 3809 vesdqia,

305 3832 474 3890 indumentis
485 3830 565 3886 cilicii
577 3829 724 3901 asperitate
734 3830 916 3887 circumdatae.
1147 3834 1220 3890 rsed
1236 3828 1466 3888 circumferuntur
1475 3830 1559 3892 ,omni
1581 3838 1661 3889 rento
1680 3828 1809 3885 doetrinae
1821 3826 1930 3901 (pres.

346 3942 356 3975 r
374 3922 410 3977 Et
421 3922 481 3978 dedi
497 3921 617 3977 armillas
630 3921 657 3976 in
672 3920 797 3977 manibus
812 3920 874 3975 tuis.
891 3940 900 3972 i
916 3913 1096 3987 Quandono-
1157 3926 1215 4000 rr)‚a
1229 3934 1257 3981 ct
1272 3924 1352 3995 electi
1370 3923 1404 3979 de
1419 3922 1546 3992 paradiso
1558 3920 1693 3977 firmitatis
1707 3920 1829 3976 habitant
1845 3919 1874 3976 ia
1888 3935 1932 3978 re-

305 4013 353 4069 nis
374 4012 444 4067 bona
467 4025 550 4091 opera
574 4010 679 4067 dederit
697 4010 790 4077 neus,
819 4009 970 4066 circumdat
991 4009 1094 4064 armilla
1147 4015 1226 4087 gione
1240 4013 1308 4069 nain
1322 4031 1329 4068 ι
1345 4027 1405 4082 quae
1424 4012 1618 4082 iuterpretatur
1631 4009 1931 4077 decorticamus

305 4105 435 4162 uvarribus
451 4103 560 4159 nostris.
577 4102 654 4159 Unde
668 4109 695 4158 et
715 4102 743 4157 in
763 4101 888 4157 manibus
904 4101 1096 4172 prophetarum
1146 4106 1244 4177 lingum
1266 4104 1404 4160 mendacis
1424 4102 1495 4159 serre
1513 4102 1684 4169 sententiam,
1704 4117 1765 4172 quaa
1782 4100 1933 4160 inflammat

306 4193 488 4268 assimilatum
509 4206 539 4248 se
557 4206 618 4247 esse
634 4191 709 4247 dicit.
730 4189 763 4244 Et
781 4190 876 4244 crebro
898 4191 925 4244 in
942 4206 1024 4245 mann
1040 4190 1094 4262 dq—
1146 4206 1235 4253 mmm
1250 4195 1400 4250 nativitatis
1413 4201 1523 4249 nostrae.

307 4284 360 4356 pei
384 4284 441 4339 sive
461 4281 585 4338 ieremias
600 4291 629 4337 et
654 4281 819 4351 reliquorum
832 4280 905 4352 (Ore.
929 4283 979 4351 ιιι)
994 4280 1096 4339 laetum
1186 4306 1195 4340 v
1211 4287 1244 4342 Et
1259 4302 1388 4343 coronam
1401 4286 1506 4341 decoris
1520 4285 1547 4339 in
1568 4285 1656 4356 eapite
1672 4293 1728 4341 tuo.
1743 4304 1752 4338 ι
1768 4284 1933 4344 ornamenta

307 4391 465 4432 sermonem
479 4375 602 4444 legimus.
625 4374 654 4429 ln
669 4371 720 4429 lob
735 4388 841 4443 quoque
852 4373 924 4446 (lob.
947 4374 993 4448 xe)
1006 4376 1089 4431 draco
1148 4387 1246 4435 eaetera
1260 4379 1444 4433 membrorum
1462 4386 1525 4432 sunt
1539 4376 1715 4448 ungulorum.
1731 4376 1832 4448 Capitis
1852 4391 1934 4432 orna-

308 4467 355 4523 nis
366 4466 466 4521 laium
484 4465 634 4534 perforatur
647 4464 762 4531 armilla,
782 4480 929 4535 omnesque
948 4465 1007 4537 ejus
1018 4482 1090 4521 reue
1148 4477 1202 4535 tas,
1219 4471 1301 4523 totius
1313 4457 1436 4538 eorporis
1445 4467 1563 4541 dignitas
1573 4476 1624 4524 est.
1638 4466 1772 4523 Coronm
1786 4476 1877 4525 antem
1887 4483 1935 4525 vo·

312 4556 370 4611 nati
390 4555 472 4621 sibili,
487 4555 534 4624 qui
556 4555 584 4609 in
606 4554 741 4626 perversis
765 4553 950 4625 intelliguntur
971 4554 1091 4629 dogmati
1148 4569 1194 4616 cat
1209 4560 1330 4615 diadema
1352 4559 1592 4629 semiustamque
1610 4560 1768 4629 capillorum
1792 4560 1934 4634 strirtqltur

309 4649 374 4713 bus,
388 4647 520 4702 bonorum
537 4660 650 4715 operum
661 4644 763 4702 circulo
776 4643 957 4715 perforantur.
1150 4659 1178 4708 et
1189 4661 1302 4706 ornatur
1312 4651 1433 4705 ambitio.
1448 4650 1476 4705 Si
1492 4650 1614 4705 volumus
1627 4650 1697 4705 scire
1707 4665 1767 4720 quae
1779 4650 1815 4705 sit
1831 4666 1932 4707 corona

350 4756 360 4789 r
379 4737 414 4792 Et
425 4746 558 4809 torquem,
568 4737 640 4792 eirea
651 4736 749 4792 collum
761 4745 847 4792 tuum.
864 4756 873 4789 v
890 4736 943 4794 Sed
955 4739 1019 4793 etin
1031 4738 1097 4795 lsalt
1153 4742 1258 4799 decoris
1272 4744 1298 4797 in
1315 4743 1402 4811 eapite
1417 4740 1582 4803 ierusalem,
1604 4739 1773 4796 revolvamus
1799 4740 1933 4809 Exedunt,

312 4828 443 4898 scriptum
457 4835 516 4883 est:
536 4845 546 4877 r
560 4827 671 4883 Auferet
683 4828 812 4885 Dominus
823 4828 935 4900 gloriam
948 4831 1100 4886 vestimenti
1113 4821 1139 4880 ll
1151 4833 1179 4889 in
1193 4848 1246 4902 quo
1260 4832 1390 4900 seriptum
1405 4838 1464 4885 est:
1480 4848 1489 4880 ι
1503 4829 1537 4883 Et
1553 4828 1617 4882 lecit
1629 4828 1755 4883 laminam
1771 4836 1893 4898 summ,
1904 4841 1933 4888 et

312 4926 460 4981 canumet
472 4918 625 4973 murenulas
641 4927 669 4973 et
686 4921 827 4984 corymbos
847 4929 874 4976 et
886 4922 1003 4977 circulos
1012 4932 1039 4979 et
1053 4922 1100 4977 lra-
1153 4924 1263 4992 scripsit
1283 4924 1310 4976 in
1331 4936 1363 4976 ea
1378 4920 1482 4976 litteras
1493 4919 1659 4976 deformatas
1670 4922 1765 4996 serpillo
1780 4922 1934 4981 mucfilica·

315 5008 486 5077 thanause.
511 5006 562 5077 ιιι).
582 5007 674 5062 »Puto
689 5018 779 5063 autem
798 5008 923 5065 kathema
942 5013 976 5067 ab
998 5013 1038 5067 eis
1057 5014 1098 5069 dl·
1152 5013 1234 5070 tionis
1247 5012 1362 5076 ltomini,
1376 5020 1404 5066 et
1424 5010 1514 5081 posuit
1535 5026 1617 5081 super
1637 5021 1719 5082 caput
1729 5012 1820 5070 Aaron
1836 5014 1934 5087 (neat.

314 5110 388 5156 ctum
406 5100 535 5155 exuariis
547 5100 660 5170 gemmis
683 5102 710 5156 in
730 5110 824 5172 peetus
838 5102 980 5158 mulierum
1002 5106 1101 5162 moruile
1153 5103 1258 5173 xxxiv).
1274 5121 1284 5155 ι
1299 5101 1409 5172 Signum
1424 5099 1570 5157 Dominicse
1593 5103 1758 5170 sanctitatis,
1777 5119 1875 5161 nomen
1892 5114 1936 5161 est

314 5188 493 5253 descendens,
509 5188 554 5259 qui
573 5197 599 5242 et
614 5190 671 5260 ipse
689 5199 801 5247 ornatus
816 5191 1014 5262 pulcherrimus
1027 5193 1103 5250 lemi-
1154 5190 1345 5260 omnipotentis
1369 5190 1428 5256 nei,
1449 5191 1520 5259 quod
1542 5199 1658 5260 quatuor
1678 5191 1775 5249 litteris
1796 5192 1937 5251 Hebraicis

315 5286 502 5336 paramese«
520 5279 554 5334 Et
565 5279 625 5335 dedi
641 5280 762 5338 inaurem
777 5298 859 5353 super
876 5298 918 5350 os,
934 5302 943 5335 ι
960 5285 1039 5340 sive«
1054 5286 1105 5342 lla-
1154 5280 1301 5338 scribitur:
1314 5288 1342 5335 et
1355 5279 1426 5351 apud
1439 5293 1487 5335 eos
1505 5290 1618 5337 vocatur
1637 5281 1782 5351 inenabna,
1805 5286 1868 5341 duna
1888 5302 1938 5341 no-

315 5383 361 5423 res
377 5377 438 5424 tuas
452 5387 463 5419 a
478 5368 595 5423 Verbum
607 5368 768 5426 llebraicum
787 5388 887 5436 mrem,
900 5384 1014 5442 excepto
1026 5373 1112 5445 Syma
1154 5387 1217 5438 men
1227 5370 1286 5441 ejus
1300 5385 1353 5427 non
1366 5379 1456 5442 potest
1474 5371 1538 5438 dici,
1559 5371 1637 5442 eujus
1651 5371 1820 5443 maiestatem
1832 5376 1938 5448 gentill-

316 5459 425 5522 maebo,
436 5458 482 5528 qui
495 5456 751 5527 interpretatorem,
762 5462 1014 5537 tnapplvuvmmnes
1027 5464 1106 5516 iuca-
1156 5470 1197 5516 tas
1208 5461 1290 5516 etiam
1301 5474 1354 5516 non
1366 5460 1480 5531 ignorat,
1489 5468 1517 5516 et
1526 5459 1733 5519 Atheniensium
1747 5470 1934 5520 testaturam:

316 5565 372 5604 rem
388 5550 583 5606 transtulerunt
597 5567 605 5606 a
617 5566 669 5606 non
676 5567 730 5621 quo
745 5552 853 5608 inaures
858 5561 994 5623 ponantur
1009 5554 1035 5607 in
1056 5569 1105 5608 na·
1155 5552 1249 5625 lqnoto
1262 5552 1326 5609 beo.
1339 5550 1415 5607 llnde
1425 5560 1453 5607 et
1465 5551 1628 5622 Apostolus:
1643 5571 1654 5607 r
1667 5552 1752 5621 Quem
1766 5568 1824 5619 vos,
1839 5554 1937 5625 inquit,

317 5639 409 5704 uibus,
420 5654 480 5710 que
490 5645 571 5695 ereo
582 5640 653 5712 quod
667 5641 700 5695 de
717 5641 828 5696 naribus
836 5643 981 5711 pendeant,
995 5642 1104 5697 inaures
1156 5642 1275 5712 ignotum
1295 5640 1394 5704 colitis,
1412 5641 1483 5696 bunc
1501 5656 1552 5698 nos
1572 5642 1761 5698 annuntiamus
1773 5641 1850 5698 vobis
1866 5641 1937 5712 (Art.

316 5736 467 5785 vocantur:
480 5730 528 5785 sed
541 5732 614 5800 quod
629 5730 746 5787 circulus
759 5731 787 5787 iu
799 5732 1002 5787 similitudinem
1016 5730 1104 5787 laetus
1157 5732 1357 5804 servianum
1377 5743 1443 5803 puto
1463 5747 1591 5789 coronam
1611 5732 1728 5799 essedo
1748 5747 1801 5803 qua
1821 5738 1849 5788 et
1866 5730 1940 5787 Psal-

317 5819 918 5893 lnauriumeodemvoeabulonuncvrpetnr.Et
929 5804 1016 5895 nsque‘
1024 5824 1104 5878 bodio
1158 5825 1237 5879 mista
1252 5823 1334 5879 dicit:
1349 5843 1359 5875 ι
1375 5822 1514 5895 Signatum
1527 5833 1570 5881 est
1585 5835 1732 5893 supernos
1747 5820 1837 5877 lumen
1848 5820 1939 5880 vultus

318 5909 391 5965 inter
399 5919 494 5967 casura
505 5922 663 5968 ornamenta
671 5914 918 5979 mulierum,soleut
929 5914 1002 5968 aurei
1010 5913 1104 5968 circuli
1158 5915 1207 5978 tui,
1219 5914 1330 5970 Domine
1347 5912 1434 5986 (Pari.
1452 5914 1501 5986 ιι).
1517 5932 1527 5967 ι
1541 5914 1577 5970 Et
1595 5912 1738 5985 spasmus
1761 5912 1939 5983 loquebatur:

291 6041 298 6054 .
318 6004 346 6058 iu
359 6019 391 6058 os
406 6019 438 6057 ex
457 6002 544 6058 fronte
559 6006 686 6073 pannem,
701 6015 729 6059 rt
741 6008 880 6062 iniurium-c
895 6005 1013 6061 uarilvus.
1029 6003 1102 6069 Quos
1161 6023 1171 6057 ι
1189 6002 1303 6061 cursum
1322 6007 1517 6071 consummavi,
1541 6005 1619 6061 lldem
1634 6005 1749 6060 servavi.
1776 6003 1813 6058 ne
1831 6011 1940 6068 cautu
