4500 6842
300 650 353 709 839
620 646 651 701 B.
671 643 796 700 nunaut
816 642 925 699 titum
945 637 1106 699 uitetttssu.
1127 637 1282 696 BOGUNT.
1300 637 1443 697 OPERUM
1462 637 1552 694 etus
1570 638 1602 695 ll.
1881 640 1932 697 did

299 764 392 824 auleti
401 760 485 833 periet
495 758 542 816 rut
552 759 648 831 filium,
664 768 689 816 et
699 755 804 815 secudu
825 776 919 815 nomeu
932 758 991 830 ejus
1005 755 1093 813 ·louu-
1106 756 1131 817 Α
1145 755 1323 826 abjectionem
1335 755 1466 812 increduli
1476 756 1566 827 populi
1584 758 1781 828 permanentis,
1795 758 1830 816 de
1839 762 1939 834 quinas

301 872 371 911 nem.
383 851 604 924 deprecationem
619 850 713 907 dicens
726 849 881 905 exauditam
902 856 1010 921 partum
1028 864 1093 905 oon·
1145 844 1261 912 dixerat,
1278 863 1330 902 uon
1342 855 1380 901 est
1394 864 1446 918 pua
1463 847 1551 920 impiis
1560 847 1627 903 dicit
1640 846 1777 917 Dominus,
1789 837 1889 908 trinsit
1903 854 1939 909 ad

302 947 380 1001 tiuuo
388 943 521 1016 promittit
530 942 633 1010 uxoris,
645 957 698 997 oon
713 941 786 1013 quod
807 941 852 998 ille
874 942 919 1011 qrri
934 956 984 1011 pro
995 941 1094 1016 populo
1143 938 1273 994 ecclosias
1295 939 1468 1010 degentibus
1486 944 1718 1010 congregatagfet
1739 941 1780 996 eis
1799 941 1850 999 sub
1865 943 1940 1000 inse-

302 1037 444 1093 oblaturus
460 1035 617 1097 intraverat,
635 1031 841 1089 relictisrerbis
863 1032 937 1089 vocis
958 1032 1092 1102 proacci-
1144 1028 1231 1084 larum
1247 1029 1355 1084 nomine
1383 1028 1511 1098 loquitur,
1543 1044 1603 1099 quae
1628 1013 1832 1101 ῃιιῇἑιιιιοιιιιιι
1859 1034 1940 1103 quasi

303 1126 572 1198 picodisdliisorare
584 1123 711 1194 potuerit,
729 1123 776 1190 scd
790 1123 862 1193 qood
879 1122 973 1177 dicit:
999 1119 1092 1176 Eunu·
1144 1122 1229 1176 maris
1242 1119 1369 1177 ductibus
1389 1129 1493 1190 patrat,
1513 1129 1541 1176 et
1569 1135 1603 1173 cx
1626 1119 1788 1189 ooroiparte
1810 1122 1939 1178 saeuiente

302 1220 358 1273 dita
373 1228 410 1273 est
420 1217 567 1288 deprecatio
583 1223 639 1282 tua,
655 1214 745 1286 populi
765 1214 977 1284 redemptionem
988 1211 1092 1285 signiti-
1144 1211 1287 1284 naufragio
1312 1214 1465 1268 conduntur
1484 1213 1583 1283 potius,
1612 1227 1693 1282 quam
1719 1223 1873 1271 moventur.
1896 1218 1940 1276 Ac

302 1316 355 1365 cat.
368 1307 446 1376 Quod
456 1322 521 1363 vero
533 1307 665 1377 adjungit,
677 1314 700 1360 et
712 1314 834 1359 uxortua
844 1305 928 1374 pariet
940 1303 1092 1373 libididem,
1144 1320 1178 1359 ne
1189 1304 1249 1373 quis
1261 1314 1337 1374 putet
1350 1304 1494 1360 uiolentam
1508 1320 1568 1360 essc
1582 1306 1777 1374 expositionem
1801 1316 1937 1376 nostram,

301 1399 421 1469 ejursdeur
435 1397 628 1469 redemptionis
638 1397 760 1452 ordinem
771 1394 876 1466 pandit,
887 1394 960 1464 quod
969 1394 1095 1450 videlicet
1143 1404 1172 1452 et
1181 1413 1234 1451 non
1245 1399 1279 1454 ad
1295 1407 1390 1470 gentes
1399 1398 1537 1469 pertinere
1548 1400 1620 1469 quod
1628 1399 1738 1465 dicitnr,
1749 1401 1796 1458 sed
1809 1403 1844 1459 ad
1856 1418 1939 1474 syna·

302 1499 383 1545 iratus
396 1489 536 1545 zactrartae
560 1487 630 1543 itlius
651 1486 815 1557 redemptori
834 1484 1007 1554 iliirrspopuli
1027 1499 1095 1555 prm·
1144 1488 1325 1560 gogaspopuli
1337 1485 1501 1553 ludaeorum,
1517 1489 1650 1560 sequitur,
1662 1499 1687 1544 et
1696 1490 1822 1546 attendite
1832 1492 1937 1563 popuii,

302 1582 425 1637 conando
436 1581 534 1637 sititcr
547 1579 679 1635 lauturus.
1144 1578 1201 1634 siue
1222 1586 1316 1649 gentes
1338 1579 1370 1634 de
1396 1577 1481 1650 louge,
1504 1579 1556 1636 lroc
1577 1588 1620 1636 est
1641 1580 1676 1635 ab
1694 1583 1823 1637 extremis
1838 1583 1938 1641 tinibus

337 1671 373 1726 Et
384 1672 432 1727 erit
444 1670 572 1741 gaudium
587 1669 633 1722 rtur·
647 1678 672 1722 et
684 1665 835 1734 exsultatio,
853 1678 877 1721 et
897 1664 972 1720 multi
986 1666 1014 1719 iu
1025 1666 1094 1721 nuti·
1143 1678 1232 1736 terrae,
1244 1671 1286 1726 uel
1297 1679 1325 1724 ut
1341 1669 1413 1726 Lxx
1429 1670 1647 1727 transtulerunt:
1666 1668 1728 1728 Post
1743 1672 1856 1728 mutim
1872 1685 1938 1730 gem.

301 1760 380 1814 oitute
391 1758 448 1830 ejus
460 1758 620 1830 gaudebuut.
634 1756 786 1812 Notandum
809 1754 881 1827 quod
895 1765 959 1811 nato
973 1770 1091 1826 praecur-
1142 1780 1191 1832 pus
1206 1763 1293 1828 studit,
1306 1763 1357 1817 troc
1371 1771 1423 1829 cst,
1439 1777 1492 1817 non
1512 1763 1564 1842 troc
1586 1772 1706 1833 tempore
1727 1778 1780 1834 quo
1798 1765 1937 1834 dicuntur,

302 1863 364 1903 sore
380 1847 457 1903 multi
471 1847 599 1920 gaudent,
623 1855 687 1902 nato
706 1855 797 1902 autern
816 1845 930 1903 Itomino
950 1846 1094 1902 annuntiat
1143 1852 1190 1908 sed
1204 1862 1264 1923 post
1278 1851 1361 1907 multa
1376 1852 1442 1908 licut
1455 1860 1589 1923 tempora.

302 1941 429 2013 angelus,
444 1941 571 2013 gaudium
592 1956 714 2011 magnum
728 1939 798 2010 quod
823 1940 872 1995 erit
890 1939 961 1994 omui
984 1937 1091 2010 populo,
1179 1941 1317 2008 dontinus,
1343 1943 1442 2013 iuquit,
1464 1943 1497 1997 nir
1518 1953 1592 1999 utero
1612 1946 1712 2000 ooeuoit
1732 1961 1790 2012 rne,·
1803 1946 1837 2002 de
1849 1958 1937 2004 uentre

301 2033 365 2101 quia
378 2031 502 2088 ritetteet
512 2031 556 2086 iric
569 2030 683 2086 salutem
702 2027 795 2084 multis
806 2027 964 2097 praedicare,
978 2027 1023 2083 tlte
1032 2042 1092 2084 orn·
1143 2034 1235 2087 matris
1248 2050 1312 2088 meru
1326 2034 1478 2089 recordatos
1498 2043 1535 2089 est
1551 2035 1666 2090 nominis
1686 2036 1747 2091 mei.
1771 2036 1849 2105 Quod
1861 2053 1936 2096 nunc

302 2124 382 2179 utilius
393 2123 439 2194 qui
454 2121 548 2178 uolunt
560 2122 669 2177 advenit
679 2120 791 2176 donare.
1105 2097 1129 2159 Β
1143 2122 1252 2178 interim
1263 2123 1433 2179 audientibus
1443 2124 1549 2180 videtur
1564 2124 1722 2193 obscurum,
1735 2136 1831 2197 postea
1844 2139 1935 2185 autcnr

337 2217 372 2271 Et
386 2216 435 2270 erit
447 2230 557 2285 maguus
576 2229 665 2268 corum
689 2212 812 2267 Domino.
825 2210 884 2267 Non
896 2212 1017 2282 corporis
1034 2210 1089 2277 hic,
1143 2212 1248 2267 cunctis
1267 2211 1391 2283 genitibus
1407 2221 1498 2269 notum
1512 2212 1567 2277 ssut,
1584 2216 1691 2284 quando
1700 2214 1811 2282 Gabriel
1834 2217 1935 2289 loseph

302 2306 350 2361 scd
364 2305 461 2359 uninrre
475 2303 685 2375 magnitudinem
701 2301 855 2365 declararit,
877 2309 918 2356 est
935 2315 1026 2355 coram
1040 2302 1092 2357 lio-
1142 2302 1176 2357 de
1200 2312 1281 2374 partu
1305 2302 1405 2358 dixerit
1430 2303 1566 2375 virginali,
1591 2312 1616 2359 et
1640 2306 1743 2361 mendis
1763 2323 1857 2361 norrea
1878 2308 1936 2378 ejus

186 2443 189 2448 .
303 2396 377 2450 nrino
405 2394 562 2465 magnitudo
583 2393 695 2457 animm,
723 2391 880 2463 magnitudo
904 2391 1022 2457 uirtutis,
1049 2399 1092 2447 est
1142 2393 1244 2463 lesum,
1271 2394 1327 2466 ipse
1349 2395 1422 2451 cnim
1443 2395 1546 2451 saltum
1571 2395 1652 2452 saciet
1677 2396 1805 2468 populum
1828 2412 1936 2455 souma

302 2486 385 2541 etiam
395 2486 514 2555 parvitas
525 2484 621 2540 animae
631 2494 659 2541 et
674 2484 788 2555 pucritia
802 2483 919 2539 virtutis.
1142 2486 1261 2556 peccatis
1272 2500 1376 2540 eornm.

341 2576 439 2632 Vinum
450 2586 474 2631 et
485 2577 595 2631 sicerum
616 2593 668 2632 uorr
692 2577 767 2630 diluet.
788 2575 881 2631 Sicera
898 2576 1091 2646 interpretatur
1178 2575 1212 2630 Et
1228 2576 1314 2647 posuit
1338 2592 1366 2631 os
1380 2591 1466 2630 areum
1490 2578 1566 2647 quusi
1584 2577 1702 2649 gladium
1716 2586 1833 2643 acutum,
1844 2577 1938 2649 posuit

301 2670 496 2739 ebrietasque
509 2667 639 2723 rocaouto
653 2668 759 2725 Hebraei
772 2680 852 2723 ornae
871 2668 943 2734 quod
957 2667 1091 2722 iocirriare
1142 2686 1290 2741 quoqueos
1302 2669 1360 2740 ejus
1370 2671 1447 2740 quasi
1462 2671 1580 2743 gladium
1593 2678 1713 2736 acutum,
1727 2677 1758 2724 ut
1770 2669 1867 2740 spiritu
1878 2669 1936 2726 oris

301 2768 390 2832 potest
397 2758 534 2830 poculum,
550 2757 608 2814 sire
620 2757 654 2814 de
666 2759 763 2829 pomis,
778 2758 836 2813 sire
854 2758 888 2812 de
899 2755 1031 2828 frugibus,
1043 2772 1090 2812 seu
1142 2762 1184 2817 sui
1203 2760 1347 2817 interliciat
1363 2762 1484 2833 impium.
1503 2762 1541 2817 lte
1551 2776 1605 2831 quo
1617 2760 1706 2831 gladio
1731 2760 1789 2831 ipse
1804 2759 1830 2814 in
1845 2758 1935 2814 Eran-

302 2852 336 2908 de
348 2850 468 2923 qualibet
479 2850 532 2905 alia
544 2849 656 2906 materia
668 2848 820 2905 conlectum
844 2846 1006 2920 significant.
1022 2848 1090 2902 Pro·
1142 2851 1211 2921 gclio
1222 2852 1350 2923 loquitur,
1366 2869 1417 2907 ron
1428 2853 1486 2908 oeni
1497 2869 1587 2925 pacem
1602 2853 1705 2907 mittere
1724 2852 1751 2907 in
1774 2863 1872 2906 terrum
1889 2853 1935 2906 sed

302 2944 391 3016 prium
403 2957 468 3000 vero
482 2944 510 2999 in
521 2943 579 3017 lege
589 2941 791 2999 Nazarcnorum
805 2950 873 3005 crat,
884 2942 947 2996 vino
962 2949 989 2997 et
1003 2941 1091 2995 sicera
1142 2941 1269 3012 gladium,
1285 2940 1370 2996 malos
1379 2956 1395 2995 a
1405 2941 1484 2997 bonis
1494 2955 1633 3012 separans.
1647 2940 1715 2997 Veni
1725 2940 1798 2995 eninr
1813 2940 1934 2996 dividere

303 3041 425 3103 tempore
451 3032 661 3089 consecrationis
686 3032 832 3096 abstinere,
865 3031 936 3087 unde
962 3028 1089 3097 loannes,
1142 3032 1386 3087 homincmcorttra
1399 3031 1506 3087 Patrem
1524 3038 1652 3098 suomet
1665 3029 1749 3085 liliam
1767 3038 1863 3086 contra
1876 3043 1935 3086 ma·

303 3126 418 3182 Samson
442 3136 470 3182 et
498 3123 640 3191 ieremias,
669 3125 816 3194 caeterique
839 3122 907 3179 tales
929 3130 959 3177 ut
985 3136 1091 3194 semper
1143 3130 1211 3178 trem
1223 3137 1311 3189 suam,
1325 3131 1352 3177 et
1366 3138 1464 3178 nurum
1475 3129 1569 3177 contra
1579 3135 1687 3177 socrum
1702 3134 1789 3175 suam.

302 3213 485 3281 Nanarcni,id
499 3223 552 3281 cst,
569 3214 656 3271 suncti
672 3227 781 3269 ruarrere
790 3220 911 3283 possent,
933 3227 1039 3283 semper
1047 3212 1090 3268 his
1178 3210 1212 3265 Et
1233 3212 1261 3265 itt
1285 3211 1377 3266 umdru
1391 3228 1485 3267 marrus
1504 3228 1560 3267 suoe
1586 3212 1698 3282 protexit
1716 3227 1767 3265 me.
1791 3209 1821 3266 ln
1835 3211 1935 3267 umhn

303 3307 440 3363 abstinere
449 3312 583 3376 saurgom.
660 3321 666 3340 ¹
1142 3318 1239 3360 manus
1248 3304 1295 3360 Dei
1308 3318 1338 3361 se
1349 3319 1410 3360 esse
1416 3313 1566 3375 protectum
1578 3303 1685 3370 usserit,
1699 3312 1731 3358 ut
1740 3304 1832 3358 carnis
1842 3302 1935 3359 uilitas

339 3397 374 3453 ls't
385 3394 485 3465 Spiritu
503 3404 593 3450 suueto
607 3394 748 3467 replebitur
766 3393 897 3449 adduces
911 3394 1090 3450 uteromutris
1104 3440 1127 3504 G
1142 3393 1291 3449 diuinitatis
1310 3394 1428 3465 potentia
1451 3401 1598 3465 tegeretur,
1628 3392 1723 3465 angelo
1742 3392 1776 3448 ad
1798 3391 1934 3464 uirginem

302 3504 369 3544 sure.
385 3485 444 3542 Non
458 3494 502 3542 est
514 3485 625 3541 dubium
636 3500 729 3540 veruto
742 3477 794 3562 hoe
806 3483 893 3554 angeli
904 3499 964 3540 esse
976 3484 1092 3555 promis·
1142 3487 1293 3554 nuntiante,
1309 3484 1424 3558 Spiritus
1434 3495 1540 3540 sauctus
1561 3485 1642 3540 ueniet
1663 3500 1741 3555 super
1759 3492 1793 3548 te,
1805 3493 1829 3539 et
1851 3485 1935 3539 uirtus

303 3593 376 3645 sura,
389 3577 521 3648 siquidem
533 3583 644 3633 sauctus
664 3574 791 3640 loannes,
804 3583 948 3645 antequam
964 3590 1091 3632 nascere·
1143 3581 1273 3637 ditissimi
1282 3580 1445 3636 obumbrabit
1457 3579 1513 3634 tili.

303 3678 358 3735 tur,
373 3669 470 3725 matris
492 3668 580 3724 adhuc
600 3668 628 3723 in
641 3676 720 3724 utero
732 3667 837 3737 positus
851 3664 969 3736 Spiritus
986 3667 1091 3738 accepti
1178 3670 1273 3726 Posuit
1284 3688 1324 3727 rae
1340 3671 1408 3727 sicut
1421 3670 1545 3741 sagittam
1563 3668 1682 3734 electum,
1705 3668 1734 3722 irr
1746 3669 1872 3737 piuretru
1884 3683 1935 3722 suu

303 3760 420 3830 gratiam
437 3757 596 3830 designavit.
975 3742 980 3752 ¹
1142 3762 1278 3818 utrcoudit
1303 3778 1353 3816 me.
1379 3758 1492 3828 Quando
1519 3758 1617 3815 dicitur
1644 3758 1769 3829 sagittam
1800 3755 1934 3822 eiectam,

339 3845 373 3903 Et
398 3846 628 3918 uetustiorem
642 3844 728 3901 lsrael
748 3853 877 3901 contendet
894 3845 928 3900 ud
952 3844 1093 3900 Dominum
1142 3852 1259 3907 ostendit
1272 3850 1372 3906 habere
1382 3850 1467 3905 Βιιιιιι
1481 3847 1742 3921 sagittasplurinras,
1757 3848 1869 3903 sednon
1880 3847 1936 3903 ele·

303 3940 386 3995 Deum
400 3942 527 4011 ipsorum.
550 3939 619 3996 Cum
635 3938 764 4008 ioannes,
783 3940 828 4009 qui
843 3938 952 3995 Christo
971 3939 1091 3994 testimo-
1142 3951 1211 4006 ctas,
1222 3955 1282 4012 quae
1296 3940 1401 4012 sagittae
1423 3940 1561 4011 prophctae
1580 3947 1644 3994 sunt
1668 3948 1696 3993 ct
1716 3938 1831 4007 apostoli
1845 3938 1892 4008 qui
1906 3938 1934 3992 in

304 4034 378 4089 trium
390 4032 546 4103 perhibens,
563 4032 591 4088 in
614 4032 672 4103 ejus
685 4030 738 4087 lide
750 4031 862 4102 populos
875 4030 1037 4102 baptizabat,
1053 4030 1093 4085 di·
1144 4041 1201 4089 toto
1214 4030 1280 4088 orbe
1292 4031 1448 4088 decurrunt.
1464 4029 1502 4085 lie
1518 4029 1617 4100 quibus
1629 4028 1657 4083 in
1669 4027 1721 4083 alio
1735 4026 1796 4083 loco
1805 4027 1933 4083 canitur:

304 4126 375 4183 citur
388 4125 458 4183 lilios
471 4126 554 4181 lsrael
568 4125 756 4182 adDominum
777 4109 862 4181 munt
884 4126 1004 4196 ipsorum
1028 4139 1094 4180 ‹nn-
1144 4124 1350 4196 Sugittoeucutoe
1365 4122 1560 4196 uoteuustmu,
1579 4121 1728 4194 populisud
1745 4131 1771 4177 te
1792 4122 1937 4188 ruderit,ct

304 4215 429 4280 vertisse,
448 4220 523 4283 putet
549 4213 671 4283 prolecto
696 4213 833 4270 Christum
857 4228 917 4271 csse
948 4213 1092 4269 Dominum
1144 4216 1251 4281 iterum,
1271 4214 1380 4287 Sugittre
1394 4223 1674 4286 potentesucutoecum
1689 4214 1846 4270 cerdonibus
1859 4215 1937 4270 deso-

304 4306 390 4362 lieum
402 4306 533 4375 ipsorum.
1144 4307 1257 4363 tutoriis.
1274 4304 1399 4362 Christus
1421 4313 1513 4361 antem
1538 4305 1571 4361 de
1589 4304 1681 4360 multis
1700 4305 1807 4375 sagittis
1822 4311 1850 4359 et
1872 4303 1936 4360 liliis

340 4395 376 4451 Et
395 4396 451 4466 ipse
470 4394 599 4466 precedet
611 4403 670 4449 urite
697 4391 773 4447 iilum
794 4392 823 4447 ιἰι
845 4391 946 4463 Spiritu
960 4400 986 4448 et
1000 4394 1093 4450 uirtute
1143 4400 1278 4472 piurimis,
1288 4414 1342 4454 una
1353 4398 1450 4468 sagitta
1464 4396 1549 4452 electa
1569 4405 1598 4452 et
1623 4395 1693 4453 tilius
1705 4396 1860 4467 unigenitus
1880 4404 1935 4461 est,

305 4487 384 4544 Etioe.
406 4488 479 4544 Bene
494 4486 522 4541 io
540 4486 637 4557 spiritu
656 4492 685 4541 et
698 4484 798 4539 uirtute
811 4482 875 4539 Eliae
886 4485 1040 4554 praeccdnre
1051 4486 1093 4541 di·
1144 4506 1225 4563 quam
1242 4489 1269 4545 in
1291 4489 1418 4561 pharetra
1433 4501 1482 4542 sua
1494 4486 1642 4550 abscondit,
1660 4486 1686 4541 id
1705 4493 1759 4552 est,
1772 4485 1799 4540 in
1814 4486 1936 4542 humano

305 4581 387 4648 citur,
402 4580 465 4650 quia
479 4577 549 4634 sicut
570 4576 616 4632 itte
628 4590 719 4646 praeco
728 4582 858 4630 venturus
868 4572 984 4642 judicis,
996 4573 1035 4630 ita
1049 4574 1094 4631 irie
1144 4596 1270 4652 corpore,
1285 4588 1316 4635 ut
1328 4580 1464 4635 habitaret
1476 4579 1503 4633 in
1518 4593 1551 4634 eo
1564 4577 1701 4647 plenitudo
1716 4577 1867 4642 divinitatis
1876 4594 1938 4635 cor·

304 4667 744 4744 praenoiactusestredemptoris.
1144 4674 1283 4746 poraliter,
1307 4687 1423 4743 raraque
1445 4678 1516 4726 esset
1544 4671 1712 4726 credentium
1735 4669 1817 4738 tides,
1837 4679 1866 4726 et
1892 4671 1938 4728 cui

343 4761 377 4818 Ut
391 4770 522 4817 conuertut
536 4760 618 4815 eorde
633 4768 739 4831 petrum
762 4756 790 4812 ιἰι
809 4756 890 4827 filios,
904 4763 929 4811 et
945 4755 1093 4812 iuuedulos
1108 4791 1133 4851 n
1146 4781 1226 4836 supra
1242 4765 1360 4820 dieitur:
1381 4762 1420 4817 Tu
1431 4779 1458 4817 a
1482 4760 1550 4816 [tm
1570 4761 1737 4816 adscondatis
1748 4770 1772 4815 ιι
1799 4762 1933 4817 Μάριε.

306 4856 341 4911 ud
350 4856 515 4926 prudentiam
524 4854 669 4923 ,ιἰιιιοιιιιιι,
691 4868 785 4923 perure
799 4852 911 4907 Domino
926 4849 1025 4922 plebem
1038 4869 1095 4922 per·
1144 4879 1212 4917 mus.
1226 4859 1311 4927 Quam
1323 4857 1447 4928 sagittam
1467 4865 1494 4912 et
1512 4871 1611 4927 sponsa
1636 4852 1733 4909 vulnus
1745 4852 1884 4922 accipiens
1898 4852 1939 4908 lo-

307 4948 412 5016 teuum·
427 4943 515 5000 Corda
528 4941 634 5013 patrum
650 4944 677 4997 in
700 4942 769 4998 titios
787 4950 946 4999 morerere
956 4949 999 4998 est
1010 4942 1092 5014 spirt-
1144 4952 1236 5022 quicar
1259 4950 1285 5003 in
1304 4947 1416 5003 Cantica
1433 4948 1600 5002 mutuorum
1617 4962 1624 4999 ε
1644 4943 1788 4999 iuturus
1807 4943 1939 4999 cueurau

307 5039 388 5096 taum
403 5046 558 5094 sanctorum
568 5037 740 5107 antiquorum
750 5035 893 5092 scientiam
909 5033 1093 5106 populisprae-
1145 5062 1191 5116 29⁰
1201 5060 1269 5099 gum,

308 5131 420 5188 ΰίθθίιᾶθ
431 5128 582 5185 Ῑῠΐῑῑῑὶᾰθῖθ·
597 5127 743 5183 Prudentia
757 5126 962 5195 temdusltifflm
974 5134 1027 5191 θεῖ,
1039 5141 1092 5181 noo
1180 5135 1214 5189 Et
1226 5133 1292 5188 diui!
1305 5131 1368 5186 arilei
1382 5146 1392 5185 .·
1406 5128 1512 5187 Seruus
1528 5146 1600 5185 meus
1618 5146 1644 5184 es
1666 5136 1705 5190 tu,
1723 5124 1821 5190 isreel,
1831 5126 1897 5197 quie
1910 5125 1939 5181 ito

307 5223 341 5277 de
355 5221 422 5292 legis
433 5220 560 5291 oporibus
582 5217 714 5288 justitiam
733 5217 972 5288 praenarrasse
993 5232 1027 5272 ex
1041 5216 1094 5273 lide
1145 5232 1169 5277 te
1188 5221 1329 5293 gloriator.
1346 5219 1456 5286 Servus,
1472 5220 1535 5289 quia
1557 5234 1617 5274 cunr
1642 5218 1669 5272 in
1694 5216 1781 5272 lorma
1794 5214 1841 5269 Dei
1863 5223 1941 5270 esset

307 5313 423 5371 mutem
439 5324 570 5383 (iuml-³·
596 5309 642 5365 Sic
663 5324 728 5380 01'80
751 5308 826 5379 Plebs
849 5308 963 5363 D⁰¹¹¹l¹¹0
975 5305 1095 5377 perfecie
1145 5314 1259 5369 turmam
1274 5312 1344 5368 scrt'i
1359 5320 1401 5367 est
1414 5312 1540 5381 diguatus
1561 5322 1709 5365 assumere.
1726 5305 1852 5362 Ostendit
1873 5320 1938 5359 eum

307 5411 484 5475 preparatur.
495 5400 562 5458 Corn
573 5401 600 5456 in
624 5408 698 5456 recta
723 5400 775 5455 lide
791 5410 819 5455 ct
834 5410 928 5455 saneta
947 5411 1094 5455 conuersa·
1146 5403 1275 5476 appellari
1289 5417 1407 5466 serrum,
1420 5402 1465 5470 uui
1488 5402 1524 5456 sit
1548 5399 1679 5456 lormatus
1692 5413 1726 5452 ex
1743 5405 1832 5460 utero,
1846 5393 1896 5464 qui
1910 5400 1939 5448 ct

307 5497 380 5553 tione
390 5492 537 5550 adllourioi
547 5492 685 5549 servitium
693 5490 808 5563 pleniter
820 5490 997 5546 consumitur.
1147 5496 1173 5550 ia
1188 5494 1295 5550 Psalroo
1310 5492 1385 5557 dicit,
1409 5492 1441 5546 de
1460 5501 1547 5546 uerrtre
1570 5489 1661 5544 metris
1686 5504 1750 5542 raeco
1773 5485 1842 5539 Deus
1864 5498 1938 5538 uueus

591 5601 730 5658 pogfflgg
745 5601 809 5658 0111,
1146 5602 1173 5640 es
1192 5596 1231 5637 tu.
1253 5583 1284 5637 Et
1303 5580 1394 5647 israel,
1410 5582 1472 5650 qrria
1495 5589 1576 5635 natus
1597 5579 1631 5633 de
1652 5574 1754 5631 semine
1769 5572 1937 5628 Judaeornnr.

291 5651 296 5659 Ι
389 5689 416 5732 ttt
435 5688 600 5732 ιιιτιιιτιτιι
618 5687 714 5730 susara
730 5685 838 5728 touaurs
856 5684 1005 5728 ιιιιιιτιι.
1146 5674 1276 5743 Quodque
1287 5673 1319 5727 de
1332 5670 1406 5726 nulio
1420 5670 1474 5726 alio
1488 5684 1627 5725 serrorum
1642 5665 1753 5734 intelligi
1768 5658 1941 5734 potestjun-

532 5764 624 5821 Lectio
633 5764 709 5821 lsaiae
721 5763 868 5833 proplietae.
1145 5765 1226 5833 gitur,
1252 5762 1315 5832 guin
1331 5762 1358 5815 iu
1376 5770 1401 5813 te
1424 5757 1567 5829 gloriabor.
1593 5755 1664 5811 Dicit
1684 5753 1757 5810 ertirn
1776 5760 1805 5807 et
1826 5748 1888 5821 ipse
1910 5748 1939 5804 in

343 5860 408 5917 llus
422 5861 484 5917 dicit
506 5860 634 5915 domiuus
647 5874 657 5912 .·
667 5858 773 5925 Audite,
793 5856 899 5924 ιἰιιιιιιι,
913 5867 938 5912 et
960 5855 1094 5923 attendite,
1146 5854 1300 5926 Evangelio,
1312 5849 1403 5916 Pater,
1413 5849 1558 5921 glorificari
1566 5864 1659 5903 nomen
1665 5856 1750 5911 tuum,
1758 5844 1804 5915 gui
1820 5842 1849 5898 in
1863 5839 1942 5898 Psal-

307 5951 396 6022 potuit
407 5952 442 6008 de
451 5952 537 6024 louge.
1147 5963 1192 6003 mo
1201 5945 1333 6016 loquitur,
1342 5958 1449 6014 exurge,
1460 5940 1544 6013 glorio
1557 5956 1740 6010 ruennsurge,
1748 5935 1905 6009 psalterium
1914 5942 1940 5989 et

345 6041 410 6102 i‘ost
431 6048 600 6105 uocationem
625 6044 801 6116 reliquiarum
830 6042 921 6114 popuii
946 6040 1041 6106 bruel,
1069 6046 1096 6095 et
1148 6036 1266 6102 citiore,
1281 6034 1307 6090 id
1322 6040 1375 6099 est,
1393 6032 1513 6088 omnium
1527 6031 1658 6088 uirtutum
1670 6029 1781 6095 chorus,
1797 6024 1860 6082 dedi
1874 6034 1900 6081 te
1912 6023 1941 6079 in
