4500 6842
310 657 378 716 1111
627 657 656 711 Β.
676 655 801 711 iidilthi
821 654 928 711 dnbio
947 654 1108 711 sortiter.
1128 653 1283 710 troo-odi.
1305 654 1446 711 oreubtt
1466 653 1556 709 PARS
1573 653 1604 708 ll.
1878 656 1945 713 11111

308 767 426 824 bitocuio
438 776 590 823 ornaretur.
606 767 752 838 Aggrediar
765 782 829 837 crgo
849 776 958 837 etopus
977 768 1024 823 [lei
1042 767 1093 821 rni·
1107 773 1135 830 A
1146 764 1280 821 dicautur.
1301 765 1353 833 Qui
1377 767 1501 836 quamvis
1518 774 1546 821 et
1566 766 1658 822 bestiis
1679 764 1772 823 incesse
1785 768 1942 839 subcantor,

310 861 416 915 ridcom
432 860 458 915 iu
478 861 595 914 irumano
606 873 720 927 ooqrore
733 874 787 928 qua
806 858 881 914 raico
896 859 1093 914 demiratione:
1145 854 1225 927 longa
1239 864 1329 912 tamen
1343 852 1553 927 interpolatione
1570 857 1604 912 ab
1618 856 1671 912 iliis
1683 858 1845 929 discrepant
1857 879 1864 912 :
1877 879 1943 930 quo

310 960 338 1006 et
349 953 371 1007 si
387 966 438 1006 non
451 950 591 1020 condigne,
602 950 698 1005 derote
711 949 830 1004 scribere
844 949 972 1011 conabor,
986 964 1018 1003 er
1033 965 1095 1017 pro-
1146 944 1218 1000 niam
1235 944 1313 1000 nobis
1332 945 1503 1001 rationabiles
1525 946 1626 1013 insunt,
1640 947 1667 1001 in
1685 947 1749 1011 iliis,
1767 950 1879 1005 ratione
1897 966 1942 1007 ca·

308 1036 430 1094 batorum
454 1038 557 1092 scilicet
575 1036 714 1091 doctorum
735 1037 843 1106 scriptis
870 1036 1008 1090 latissimis
1035 1038 1096 1093 iue-

310 1127 420 1182 sissima
431 1127 603 1196 depromens.

614 1233 727 1291 CAPUT
745 1233 791 1289 itt.

486 1324 523 1380 Dr
537 1333 607 1380 stetu
618 1335 642 1380 et
653 1325 780 1395 positione
790 1325 917 1394 eorporis.

342 1436 447 1508 Corpus
468 1437 559 1506 itaque
578 1434 706 1500 bominis,
718 1434 788 1489 mira
810 1434 965 1502 operatione
984 1447 1094 1504 compa·

307 1537 391 1591 curm,
416 1526 578 1596 proceritate
605 1540 661 1580 suae
685 1523 856 1580 rectitudinis
879 1523 1012 1577 acunctis
1034 1522 1094 1577 ani-

308 1616 444 1670 mantibus
467 1614 628 1683 disparatur.
643 1613 719 1680 Quod
732 1611 857 1668 videlicet
879 1613 902 1668 si
923 1627 973 1682 per
990 1613 1094 1683 singula

307 1705 426 1761 ruembra
442 1705 637 1768 consideretur,
651 1717 748 1774 magna
762 1702 789 1756 in
811 1702 862 1757 boc
877 1702 1006 1773 mysteria
1018 1718 1094 1757 cttttt-

305 1795 509 1865 prehenduntur
520 1794 553 1848 ab
565 1794 607 1848 bis
619 1793 704 1862 quiea
717 1792 843 1861 indagare
852 1799 989 1864 satagunt.
1003 1792 1093 1862 ipsum

306 1899 423 1954 reatuque
446 1892 527 1955 caput
540 1884 644 1940 cunctis
659 1885 781 1940 eminens
803 1885 942 1950 membris,
968 1887 994 1940 in
1017 1886 1094 1953 cujus

304 1974 406 2028 uertice
416 1975 513 2027 animae
526 1974 617 2029 sedem
636 1973 754 2029 maxime
769 1989 829 2029 esse
843 1975 988 2037 credimus,
1002 1977 1035 2031 ad
1054 1977 1092 2030 si-

304 2061 481 2116 militudinem
496 2062 613 2117 coelestis
626 2062 738 2132 spbaerae
756 2060 912 2127 inornatum,
926 2078 973 2117 sex
986 2064 1092 2120 ossibus

305 2161 347 2206 est
363 2161 531 2222 compactum
546 2160 595 2206 :ut
616 2152 779 2224 intelligatur
793 2153 835 2207 iiic
856 2154 980 2209 senarius
996 2171 1091 2210 nume-

307 2258 363 2305 rus,
379 2242 424 2311 qui
447 2241 582 2311 periectos
603 2244 744 2311 probatur,
761 2243 788 2298 in
815 2244 932 2299 bominis
956 2248 1093 2303 creatione

305 2340 441 2385 constare.
459 2330 495 2386 ilc
506 2330 582 2402 cujus
596 2332 700 2386 numeri
720 2330 885 2402 perfectione
904 2333 1019 2403 piurima
1040 2335 1092 2392 dici

305 2427 416 2489 possunt
431 2437 437 2472 :
455 2420 501 2474 sed
517 2419 562 2474 bic
585 2429 647 2474 sunt
673 2430 782 2492 propter
804 2423 990 2492 compendium
1014 2426 1093 2481 omit-

307 2511 397 2564 tenda.
414 2508 470 2564 Sub
485 2509 564 2579 bujus
578 2509 667 2580 itaque
680 2510 775 2581 capitis
786 2513 901 2566 rotunda
914 2514 1091 2581 concauitate,

305 2599 375 2654 bium
401 2600 472 2654 acies
497 2599 635 2655 oculorum
663 2600 805 2669 prodeunt,
832 2603 865 2656 ad
891 2601 1092 2659 similitudinem

305 2693 418 2746 duorum
442 2690 782 2746 coeicstiumluminarium
804 2692 885 2758 zuei,
910 2703 939 2748 ιιι
962 2696 1093 2752 sacratius

304 2784 404 2853 aliquid
424 2784 557 2850 dicamus,
572 2784 604 2838 ad
624 2784 709 2839 instar
720 2784 833 2840 duorum
849 2785 1092 2845 Testamentorunr.

209 2899 213 2906 -
304 2876 406 2943 Quibus
421 2876 609 2932 decentissime
623 2878 760 2949 supposita
783 2887 846 2934 sunt
858 2881 978 2937 membra
994 2891 1092 2936 cetera

304 2966 466 3033 combinata,
480 2966 617 3021 dualitatis
639 2967 829 3036 conjunctione
848 2970 997 3041 disposita:
1014 2987 1093 3027 autres

304 3056 417 3120 scilicet,
436 3072 525 3123 nares,
543 3056 756 3123 labia,braci1ia,
777 3074 885 3125 manus,
904 3060 996 3129 latera,
1013 3078 1092 3117 crura

304 3154 332 3201 et
344 3149 435 3217 pedes.
450 3148 514 3215 Quae
527 3158 622 3204 cuncta
638 3150 683 3205 tali
696 3140 748 3207 sibl
768 3162 830 3206 sunt
850 3152 985 3208 citaritate
996 3169 1093 3209 conre-

304 3237 415 3303 nientia,
432 3244 461 3290 ut
481 3254 563 3293 uuum
578 3238 701 3310 idemque
715 3256 810 3311 sapere
834 3250 914 3312 atque
932 3243 1039 3313 operari
1052 3245 1094 3299 ri·

304 3328 427 3382 deantur.
441 3326 489 3384 liis
502 3344 567 3384 reru
585 3328 656 3384 binis
674 3330 841 3402 geminisque
855 3332 983 3386 membris
997 3332 1034 3387 ita
1048 3348 1093 3387 or-

304 3416 414 3481 diaetis,
427 3424 528 3471 suntet
543 3416 594 3471 alia
609 3418 740 3483 membra,
757 3418 866 3488 propria
882 3419 985 3474 unitate
996 3420 1091 3476 docen-

305 3510 407 3565 tissime
428 3509 541 3580 geminis
564 3510 692 3565 meminis
704 3510 902 3576 convenientia,
921 3526 1004 3568 uasos
1018 3513 1090 3569 seili-

303 3608 356 3665 cet,
377 3615 418 3666 os,
433 3607 536 3671 guttur,
556 3608 661 3670 pectus,
681 3608 786 3666 uenter,
810 3601 963 3669 umbilicus,
979 3604 1091 3675 ipsaque

1146 1043 1216 1090 rent.
1231 1035 1339 1091 Primus
1350 1050 1384 1091 cx
1398 1036 1450 1101 bis,
1465 1037 1539 1091 risus
1559 1045 1600 1091 est
1612 1056 1621 1090 t
1633 1038 1678 1106 qui
1701 1038 1823 1108 quadam
1838 1040 1865 1094 ri
1883 1056 1941 1096 aur·

1146 1138 1197 1179 mse
1223 1139 1303 1194 quum
1331 1133 1468 1195 aspectum
1489 1126 1612 1188 dicimus,
1637 1141 1686 1196 per
1712 1128 1845 1198 pupillam
1869 1129 1942 1185 ocuii

1146 1215 1297 1285 egrediens,
1313 1230 1358 1270 res
1372 1232 1425 1271 nou
1439 1216 1516 1272 vaide
1529 1216 1605 1286 longe.
1626 1218 1729 1286 positas
1743 1220 1865 1287 quadarn
1880 1238 1939 1276 sm·

1146 1307 1243 1362 tilitatc
1251 1306 1390 1378 perspicit,
1402 1308 1560 1378 coiuresque
1575 1308 1750 1364 divisibilium
1773 1323 1867 1365 rernm
1882 1312 1938 1365 iiiu-

1145 1398 1248 1452 minato
1260 1413 1324 1454 aere
1347 1400 1494 1470 cognoscit.
1512 1398 1541 1455 Si
1563 1413 1627 1454 rero
1648 1399 1725 1455 ualde
1750 1399 1835 1467 iunge
1849 1402 1938 1467 posius

1145 1485 1254 1553 inerint,
1270 1488 1327 1557 ipsa
1346 1488 1516 1559 eiongatioue
1537 1487 1638 1543 deicit.
1653 1486 1810 1552 Secundus,
1833 1488 1939 1544 auditus

1146 1578 1183 1633 ita
1198 1579 1337 1635 institutus
1347 1588 1399 1641 est,
1412 1588 1442 1634 ut
1464 1594 1513 1649 per
1526 1579 1679 1635 cochleatos
1698 1588 1808 1633 meatus
1828 1595 1938 1635 mirere-

1144 1676 1240 1738 pautes
1255 1684 1336 1724 sonos
1357 1668 1391 1723 ati
1410 1670 1589 1734 seattrabat,
1607 1669 1803 1739 discernatque
1817 1680 1846 1725 ct
1861 1670 1937 1723 intei-

1145 1755 1220 1826 ligat,
1232 1758 1298 1827 quid
1310 1758 1346 1812 sit
1358 1758 1489 1813 auditum.
1502 1759 1553 1824 Qui
1570 1758 1630 1813 ideo
1644 1774 1700 1813 non
1715 1767 1810 1814 rectos
1824 1768 1852 1813 et
1865 1775 1939 1829 aper·

1145 1853 1187 1899 tos
1199 1853 1302 1901 meatus
1314 1847 1405 1912 babet,
1422 1848 1471 1903 sed
1484 1846 1622 1903 anfractus
1635 1849 1827 1904 cochleatione
1843 1859 1940 1907 tortuo

1145 1948 1201 1998 sos,
1226 1943 1256 1989 ut
1271 1936 1402 2005 quasdam
1427 1952 1518 1992 moras
1538 1952 1622 1993 sonus
1646 1939 1766 1995 emissus
1794 1941 1938 2007 sustinens,

1146 2026 1200 2080 vim
1214 2026 1385 2084 discretionis
1395 2035 1423 2083 et
1434 2027 1586 2084 intellectos
1598 2028 1727 2084 eliiccrct.
1740 2028 1814 2085 Nam
1832 2030 1855 2084 si
1868 2039 1939 2087 recto

1107 2108 1130 2167 ll
1144 2121 1239 2168 timere
1249 2129 1332 2170 sortus
1342 2116 1457 2172 emissus
1467 2118 1645 2186 exciperetur,
1657 2118 1716 2189 ipsa
1727 2134 1778 2173 sua
1788 2119 1936 2185 velocitate,

1143 2205 1333 2263 discretionem
1347 2215 1428 2277 atque
1439 2208 1644 2279 intelligentiam
1658 2211 1815 2266 amitteret.
1824 2211 1937 2275 Tertius,

1143 2305 1185 2350 est
1208 2295 1336 2353 odoratus
1354 2316 1360 2352 :
1376 2313 1430 2368 quo
1453 2307 1564 2355 cunctos
1585 2298 1686 2357 latores
1717 2302 1855 2372 pudicos,
1874 2304 1937 2359 odo-

1144 2402 1241 2459 resque
1257 2398 1348 2461 gratos
1362 2401 1565 2462 cognoscentes,
1579 2393 1703 2463 putentia
1715 2394 1801 2465 digna
1815 2409 1937 2450 exsecra·

1144 2478 1216 2533 tione
1231 2478 1356 2544 vitamus,
1372 2489 1399 2535 et
1421 2480 1557 2538 odoriiera
1581 2482 1698 2553 quadam
1715 2484 1804 2537 arrimi
1829 2485 1936 2540 detecta

1144 2570 1217 2625 tione
1232 2572 1302 2626 intra
1316 2588 1365 2629 nus
1380 2573 1552 2643 trajicientes,
1569 2575 1626 2646 ipsa
1642 2576 1781 2631 suavitate
1794 2575 1885 2632 odoris
1898 2593 1936 2632 re·

1143 2659 1259 2716 iicinrnn
1273 2662 1400 2730 Quartus,
1415 2672 1457 2720 cst
1476 2673 1589 2734 gustus:
1603 2679 1657 2735 quo
1671 2665 1766 2720 omnia
1782 2681 1844 2736 quar
1861 2668 1887 2721 iu
1908 2683 1936 2721 os

1143 2752 1286 2819 mittimus,
1315 2754 1372 2808 sire
1397 2753 1496 2820 duricia,
1522 2756 1578 2810 sire
1601 2769 1709 2821 amam,
1733 2771 1836 2828 sapore
1858 2757 1934 2827 palati

1143 2842 1331 2905 discernimus.
1353 2844 1431 2912 Quod
1450 2860 1511 2900 cum
1535 2859 1628 2901 omnes
1647 2860 1780 2915 saporum
1796 2848 1935 2917 qualitates

1144 2932 1289 3001 discernat,
1303 2935 1391 3006 ipsum
1410 2944 1500 2990 tamen
1521 2935 1620 2991 nuliius
1642 2937 1752 3007 saporis
1767 2952 1831 2993 esse
1843 2940 1935 3010 prole·

1145 3030 1198 3075 tur.
1214 3023 1340 3092 Quintus,
1354 3033 1496 3081 estractus
1511 3026 1649 3097 :quicum
1664 3028 1797 3083 omnibus
1812 3030 1934 3084 membris

1143 3114 1179 3168 sit
1196 3114 1351 3181 attributus,
1365 3119 1498 3188 praecipue
1515 3126 1603 3174 tamen
1619 3120 1747 3175 manibus
1771 3120 1931 3192 deputator:

1143 3210 1240 3277 quibus
1261 3209 1344 3265 ctiam
1365 3226 1432 3268 usus
1451 3212 1565 3268 actionis
1579 3212 1698 3268 maxime
1718 3222 1763 3269 est
1778 3215 1866 3270 datiis.
1882 3214 1933 3268 tia·

1143 3297 1222 3353 nibus
1243 3299 1315 3355 enim
1330 3298 1371 3366 iit,
1392 3300 1521 3371 quidquid
1539 3300 1691 3357 iaciendum
1702 3312 1756 3358 est.
1781 3302 1836 3359 Sed
1849 3306 1870 3360 si
1888 3320 1933 3375 prr

1144 3388 1249 3457 singula
1269 3390 1390 3444 membra
1402 3390 1545 3447 mirificum
1557 3406 1624 3461 opus
1640 3393 1780 3449 creatoris
1796 3394 1933 3453 intendere

1143 3479 1275 3550 cupimus,
1288 3489 1368 3551 atquc
1379 3496 1428 3552 pro
1439 3489 1518 3554 captu
1534 3482 1658 3552 ingenioli
1670 3483 1706 3538 de
1715 3483 1835 3554 singuiis
1847 3485 1931 3555 dispo

1144 3581 1213 3640 tare,
1231 3573 1362 3643 prolixius
1384 3574 1461 3630 lieret
1481 3574 1637 3646 opusculum
1660 3591 1745 3647 quam
1773 3584 1930 3635 statueram.

303 3691 377 3761 virga
394 3689 526 3760 genitalis,
554 3706 634 3761 quam
660 3692 727 3746 mira
750 3692 952 3762 dispensatione
971 3692 1042 3749 Deus
1056 3695 1089 3749 ad
1143 3660 1196 3719 sed
1216 3666 1278 3734 ‘¹⁰¹²
1292 3665 1409 3721 ΜΨ
1421 3665 1578 3722 “mumma
1592 3675 1689 3723 '⁰⁵¹'ae
1714 3668 1741 3722 ld
1765 3670 1932 3726 mmm

304 3779 412 3833 immani
425 3780 530 3850 generis
543 3780 660 3835 sobolem
674 3783 855 3836 renouandam
875 3783 1008 3838 attribuit.
1024 3784 1090 3852 erae
1142 3755 1225 3861 ‘ull’
1242 3755 1305 3860 ‚⁵¹³⁰
1319 3757 1424 3828 cmm
1439 3757 1473 3861 'fl
1487 3757 1645 3814 mmmm
1670 3761 1929 3864 mmuh&

303 3879 399 3925 cuncta
422 3886 547 3940 magnum
566 3872 648 3927 decus
670 3871 791 3927 obtinere
812 3873 949 3940 ridentur,
961 3874 1089 3945 quoniam
1142 3855 1172 3951 {¹²
1181 3863 1204 3951 Β]
1215 3847 1304 3954 ²¹¹l⁰f¹
1314 3847 1437 3953 Pl⁰f¹⁰⁰³
1446 3864 1474 3903 ¹¹¹
1486 3850 1538 3904 ¹¹⁰⁰
1549 3847 1679 3918 ⁰⁹⁰⁸⁰⁰¹⁰
1693 3859 1789 3905 Μ’
1804 3851 1930 3957 ΨΜ

303 3958 330 4013 in
354 3958 499 4014 meditullio
522 3959 618 4030 posita,
634 3961 748 4032 geminis
763 3960 892 4017 membris
913 3965 1087 4030 conveniunt,
1139 3939 1310 4041 llllffllelstv
1328 3940 1377 4041 ‚⁰⁰¹
1389 3937 1531 4043 l⁰¹¹¹¹¹¹¹¹l¹i
1546 3940 1597 3997 hoc
1618 3941 1758 4044 laudetur,
1771 3943 1928 4047 quiimguas

303 4058 332 4104 ut
345 4059 440 4105 neutra
457 4066 519 4121 pars
531 4066 615 4106 unum
627 4068 661 4108 ex
682 4052 796 4109 bissine
809 4054 906 4121 altera,
922 4055 1010 4112 valeat
1024 4072 1089 4111 ren-
1142 4027 1285 4083 ¹⁰f³¹¹¹¹¹¹¹¹¹
1308 4029 1424 4085 dmm
1436 4029 1521 4133 „fam”
1541 4039 1570 4085 ⁰²
1591 4046 1699 4136 alem
1721 4045 1864 4137 ⁰⁰⁰⁸¹¹⁸l³²
1884 4049 1926 4088 ⁰¹²

302 4141 403 4196 dicare.
419 4140 481 4197 llaec
499 4157 563 4215 ergo
580 4144 669 4198 omnia
693 4158 755 4200 conr
776 4144 887 4215 reliquis
901 4146 1039 4214 membris,
1054 4148 1089 4203 ad
1143 4116 1232 4174 clam
1253 4127 1399 4174 mmmm·
1415 4118 1462 4175 3¹¹¹
1485 4129 1575 4177 πω
1590 4121 1680 4193 ‘Mu'
1699 4138 1762 4194 ‘¹¹¹⁸
1776 4133 1926 4179 mmm*

302 4231 483 4289 babitaculum
496 4236 591 4292 animae
601 4237 633 4291 ad
645 4237 787 4309 imaginem
796 4253 873 4294 suam
882 4239 1087 4309 conditae,iiens

304 4321 382 4393 digna
395 4327 551 4393 operatione
568 4330 711 4399 compegit.

600 4457 713 4515 CAPUT
732 4458 788 4519 'tit

492 4546 654 4621 ile—quinque
662 4566 784 4606 rensuum
797 4555 896 4625 officiis.

336 4652 413 4711 Nunc
424 4666 511 4712 restat
524 4665 554 4711 ut
567 4658 600 4715 dc
615 4657 711 4732 officiis
720 4661 838 4733 quinque
852 4678 980 4721 ecusoutu
999 4680 1085 4739 patrea

1140 4222 1201 4263 sum
1211 4209 1702 4281 torqueanudtguereniammtomo
1724 4213 1924 4285 deposco.ilarn

1139 4299 1185 4370 qui
1208 4301 1340 4356 mendacii
1361 4299 1451 4358 iuenm
1479 4302 1606 4374 aufugere
1628 4305 1767 4375 quiverit,
1795 4304 1923 4376 perlectus

1139 4390 1348 4462 nuncupabitur,
1370 4392 1490 4464 apostolo
1512 4391 1612 4451 iacobo
1637 4407 1779 4451 asserente
1801 4413 1808 4449 :
1829 4394 1921 4461 osii»

1138 4497 1255 4538 rernroue
1269 4483 1438 4551 conlabitur,
1451 4485 1630 4555 perscorensi
1651 4486 1774 4558 rir(1ar.
1786 4489 1837 4557 ut).
1852 4486 1919 4552 Queri

1139 4579 1232 4649 utique
1241 4578 1464 4649 paucissimorum
1478 4586 1531 4648 est,
1545 4580 1652 4638 dicente
1667 4581 1802 4654 propbeta
1816 4594 1824 4634 ε
1836 4579 1917 4634 tirum

1138 4668 1216 4724 tomo
1227 4664 1439 4739 mendasii’rol.
1454 4670 1528 4742 cru).
