4500 6842
304 599 356 654 lul
620 597 651 655 li.
669 596 796 654 matht
814 593 924 660 millii
942 583 1104 652 laetitae.
1120 594 1276 655 HDGUNT.
1294 595 1436 656 orbabat
1452 596 1542 656 raas
1560 598 1601 658 lt.
1876 603 1937 656 ttttt

303 705 1095 781 liphpbcta,quodeatadaperire.litstatimapertaesuntau-
1105 712 1133 770 Α
1144 714 1321 764 contemnens
1334 707 1439 779 rapitur
1451 723 1467 764 a
1481 708 1587 779 spiritu,
1601 717 1630 766 et
1641 709 1717 766 audit
1728 719 1788 780 post
1799 725 1830 766 se
1841 727 1939 770 tecua
1978 773 1980 778 ,

304 818 361 869 res,
369 809 398 858 ct
407 795 1092 868 solutumcstriuculumlinguaeeiusetloqucbatur
1142 795 1329 852 commotionis
1341 811 1455 868 magnae,
1468 798 1667 868 praeteritorum
1675 798 1850 868 obliviscens,
1862 811 1891 856 et
1908 803 1937 856 in

304 901 388 950 reete.
400 913 410 947 ι
428 891 506 961 Quod
517 904 582 946 rcro
593 890 626 945 ad
637 887 900 956 transmigrationem
906 887 1094 957 populiadmo·
1141 883 1260 939 luturum
1277 899 1307 940 se
1329 886 1495 951 extendens,
1510 893 1540 941 ut
1554 887 1725 943 inimicorum
1739 888 1852 945 insidias
1873 901 1937 961 past

304 981 555 1053 uendampropheta
563 977 879 1044 mittitur,nonsolumea
889 977 1093 1048 transmigratio
1142 982 1246 1047 tergum
1269 975 1441 1045 relinqueret.
1456 975 1520 1031 ‘lale
1532 977 1597 1049 qrrid
1609 986 1636 1031 ct
1652 978 1679 1031 in
1703 977 1796 1034 Exodo
1819 979 1938 1050 legimns

303 1074 383 1128 debet
397 1070 520 1141 intelligi,
540 1084 599 1138 quae
618 1065 677 1136 ejus
692 1066 782 1138 populi
796 1077 855 1122 erat
868 1067 896 1122 in
909 1081 1033 1136 corpure,
1045 1065 1092 1121 sed
1142 1062 1241 1134 (Esou.
1257 1065 1323 1137 ιιι),
1338 1064 1446 1135 quarado
1459 1065 1564 1121 Dlrarao
1576 1074 1604 1119 et
1617 1068 1705 1121 onmis
1718 1068 1855 1123 exercitus
1869 1070 1933 1140 ejas

302 1153 1093 1228 ctiam,quaeiactalueratinnrente.Abienusalcmquippe
1141 1153 1355 1224 persequebatur
1368 1154 1461 1219 lsrael,
1477 1166 1504 1209 et
1521 1156 1633 1226 angelus
1656 1156 1682 1210 in
1705 1157 1831 1212 columna
1852 1159 1935 1214 nubis

305 1248 339 1303 ad
364 1247 537 1318 Babyloniam
565 1253 687 1300 uenerat.
712 1244 747 1300 Et
768 1244 833 1315 quid
856 1242 1016 1310 lerumtem,
1039 1244 1091 1299 nisi
1141 1244 1260 1300 deseruit
1275 1245 1365 1314 priora
1379 1252 1544 1309 castrorum,
1558 1247 1684 1313 venitque
1699 1256 1893 1317 posttergans,
1907 1259 1935 1304 ct

306 1336 375 1391 risio
391 1335 483 1406 pacisi
497 1334 565 1399 Quid
579 1332 739 1404 babylonia,
752 1332 803 1387 nisi
820 1331 942 1387 conlusio
958 1331 1092 1401 iraterpre-
1141 1343 1199 1392 tota
1213 1344 1293 1391 nocte
1307 1336 1382 1390 stetit
1405 1335 1475 1390 inter
1489 1335 1569 1390 lsrael
1583 1343 1610 1390 et
1623 1337 1773 1408 AEgyptios,
1785 1346 1816 1392 ut
1828 1348 1935 1408 perter-

304 1427 396 1480 tatur?
414 1424 542 1494 Quisquis
558 1438 622 1478 vero
635 1438 651 1476 a
664 1421 746 1477 rectis
759 1421 886 1492 oporibus
908 1421 934 1475 in
957 1419 1093 1492 peruersis
1142 1426 1202 1481 ritis
1223 1425 1395 1489 aduersariis,
1412 1425 1517 1480 audiret
1537 1424 1658 1480 lsrael«
1679 1426 1822 1482 bonodium
1846 1429 1933 1496 gloria

304 1514 410 1570 actibus
420 1514 504 1580 cadit,
516 1512 623 1582 qnamlo
640 1526 656 1565 a
669 1512 739 1567 bono
753 1511 842 1566 studio
855 1510 890 1565 ad
904 1511 969 1565 uitia
983 1509 1091 1577 delinit,
1141 1514 1247 1570 Domini
1258 1514 1291 1570 de
1302 1514 1361 1569 loeo
1371 1530 1430 1568 suo.
1445 1534 1454 1566 ι
1467 1514 1556 1570 Locus
1565 1524 1656 1570 autem
1664 1515 1768 1570 Domini
1780 1530 1820 1573 est
1830 1520 1933 1584 ottenis,

303 1604 382 1673 epitasi
397 1604 431 1658 ab
445 1601 595 1658 ierusalem
616 1600 650 1654 ad
671 1599 824 1671 Babyloniae
846 1601 984 1656 civitatem
1006 1601 1090 1657 veuit.
1141 1603 1169 1658 iu
1193 1602 1291 1672 quibus
1314 1603 1460 1674 hospitium
1481 1603 1600 1668 invonit,
1625 1611 1672 1658 aut
1685 1613 1759 1660 certe
1775 1605 1934 1662 liliuslocus

302 1693 415 1748 Culnrcn
430 1692 502 1748 oraim
523 1692 599 1745 bonu
611 1689 843 1759 mattemplationis
855 1691 990 1754 descruit,
1010 1700 1092 1761 atquo
1140 1695 1237 1766 patris,
1255 1695 1326 1750 sieut
1338 1703 1366 1750 et
1378 1703 1456 1765 pater
1467 1693 1542 1748 locun
1561 1704 1604 1748 est
1618 1693 1676 1758 filii,
1692 1694 1798 1751 dicente
1815 1696 1933 1755 Donritm

302 1780 330 1832 in
345 1776 582 1850 transmigratione
593 1775 758 1832 contusionis
776 1774 851 1831 latet.
864 1775 940 1843 Quod
956 1777 1009 1832 illis
1021 1792 1092 1847 supe
1142 1783 1280 1840 salvatore
1302 1802 1309 1838 :
1335 1802 1344 1836 ι
1362 1783 1418 1853 Ego
1440 1784 1467 1838 in
1482 1783 1571 1849 Patre,
1586 1791 1613 1838 et
1633 1783 1715 1839 Pater
1730 1786 1757 1840 in
1771 1801 1815 1842 nne
1837 1786 1929 1858 (Jonas

191 1899 194 1906 ·
303 1867 372 1923 ualet
392 1868 512 1935 euenire,
532 1867 578 1938 qui
598 1881 660 1922 eunt
679 1867 749 1921 bona
772 1875 863 1937 agant,
880 1867 906 1921 in
925 1868 968 1924 bis
987 1868 1020 1923 dc
1042 1883 1091 1924 sua
1142 1876 1198 1946 xm)
1218 1893 1241 1929 ι,
1266 1872 1415 1930 liquidem
1442 1872 1575 1943 significat
1598 1879 1625 1928 et
1640 1873 1766 1929 llinhaas
1794 1893 1801 1928 :
1828 1893 1838 1928 ι
1862 1875 1933 1932 Ecce

302 1959 402 2013 tiriuie
427 1955 585 2029 gloriattiur.
610 1954 686 2012 Unde
708 1954 866 2020 Pucinum,
892 1970 926 2011 tte
949 1971 965 2011 a
987 1958 1091 2012 visione
1143 1966 1271 2022 Dominus
1282 1965 1436 2037 egredietur
1449 1965 1483 2019 de
1495 1964 1556 2021 loco
1570 1979 1629 2028 sun,
1650 1972 1679 2019 et
1691 1964 1837 2020 descendet
1849 1979 1932 2036 super

302 2047 387 2118 1111ῑὸ.
401 2044 1247 2117 111111,11011311111111111111111111111311111ιιιιίιιιιΒειιιιῑει
1271 2063 1361 2111 terrac.
1386 2054 1419 2109 Et
1450 2054 1690 2109 commovebuntur
1720 2063 1825 2110 montes
1850 2070 1932 2126 super

301 2138 457 2209 emigraret,
472 2137 585 2193 Dormno
597 2136 751 2209 supplicans
764 2136 829 2193 dicit
842 2153 849 2190 :
864 2155 874 2188 ι
887 2135 1001 2205 lldjutor
1012 2151 1088 2192 meus
1142 2161 1216 2210 enm,
1234 2152 1263 2200 et
1275 2143 1357 2200 sallcs
1369 2143 1508 2199 tabescent
1522 2145 1592 2200 sieut
1609 2159 1672 2200 cera
1685 2159 1701 2200 a
1718 2144 1787 2202 lucie
1799 2146 1888 2218 ignis,
1903 2156 1930 2205 et

301 2245 355 2284 arun
366 2229 515 2300 emigrabo.
534 2248 544 2282 a
562 2227 592 2283 Si
603 2228 675 2283 cuim
690 2227 717 2281 in
732 2227 937 2295 seconlideret,
951 2227 1088 2299 ajustitiae
1141 2239 1211 2294 stem
1235 2253 1305 2307 aqua
1328 2252 1388 2307 quae
1412 2235 1532 2292 mlestus
1556 2239 1582 2293 i„
1602 2254 1723 2311 pfaeoepg
1745 2239 1840 2312 (mm,
1864 2242 1896 2313 1),
1917 2261 1927 2294 ‚

302 2322 428 2393 operibus
443 2323 562 2378 cadendo
585 2323 736 2394 migrassei·
750 2320 804 2377 Sed
822 2336 908 2391 neque
927 2321 971 2386 hi·
992 2322 1038 2392 11111
1054 2321 1088 2376 ab
1141 2328 1324 2384 Descendentc
1335 2327 1407 2383 enim
1421 2327 1533 2385 Domino
1543 2329 1693 2397 salvatore,
1703 2339 1729 2385 ct
1743 2331 1932 2403 pmueiscmm

302 2422 376 2470 statu
385 2414 554 2471 rectitudinis
568 2413 594 2468 in
608 2427 691 2483 prava
705 2412 809 2469 actione
818 2412 1087 2481 cecidenrnt,dcspc·
1140 2416 1174 2472 dc
1184 2416 1275 2483 Patre,
1289 2416 1395 2473 excelsa
1406 2425 1494 2484 terrac,
1510 2429 1667 2491 montesque
1678 2423 1804 2478 nrmmoti
1817 2431 1893 2489 snm,
1903 2435 1930 2480 et

302 2505 379 2560 mndi
391 2513 464 2572 sunt,
479 2503 542 2575 quia
557 2504 767 2573 rectcpropbeta
778 2502 812 2558 ad
823 2501 1087 2574 transmigrationem
1141 2503 1269 2562 inferiora
1281 2504 1390 2561 vallium
1405 2504 1558 2577 liquefacta.
1573 2507 1665 2565 Potest
1677 2510 1753 2566 beas
1765 2527 1826 2568 esse
1838 2514 1931 2585 gloria

301 2593 456 2664 babyloniae
469 2593 596 2659 mittitur,
605 2601 632 2648 et
642 2607 690 2663 per
699 2592 858 2663 prophetam
867 2590 949 2645 alium
959 2591 1087 2646 Dominus
1140 2593 1266 2660 Domini,
1291 2602 1320 2649 et
1332 2593 1378 2648 lua
1393 2595 1602 2663 inaccessibilis,
1626 2597 1660 2654 dc
1673 2612 1726 2667 qua
1740 2608 1769 2655 et
1783 2600 1932 2670 Apostolus

302 2681 368 2736 dicit
382 2698 396 2762 Ιι
412 2679 447 2736 Et
460 2681 551 2737 renics
569 2695 654 2750 usquc
676 2680 710 2735 ad
734 2678 918 2751 babylonem,
936 2679 973 2735 ibi
990 2679 1088 2735 libora-
1140 2682 1270 2754 loquitur.
1286 2701 1295 2735 ι
1309 2681 1360 2750 Qui
1371 2683 1535 2740 solusbabet
1547 2685 1785 2755 immortalitatem,
1799 2698 1829 2744 ct
1840 2690 1930 2748 lucem

301 2769 385 2825 beris.
401 2768 478 2842 Saepe
488 2770 573 2837 caim,
586 2769 631 2840 qui
644 2778 786 2841 postquam
798 2768 825 2823 in
841 2767 997 2824 contusione
1010 2768 1089 2823 ritio-
1140 2771 1245 2828 habitat
1270 2772 1493 2828 inaccessibilem.
1512 2793 1522 2827 ι
1541 2774 1653 2844 Quando
1666 2779 1803 2848 preterita
1825 2781 1929 2852 judicia

301 2875 362 2915 rum
376 2858 516 2925 ceciderit,
534 2857 853 2940 egubcscensmalaqurc
864 2858 1038 2928 perpetrarit,
1053 2858 1087 2912 ad
1140 2859 1245 2916 Domini
1269 2860 1359 2917 animo
1376 2860 1549 2929 revolvimus,
1573 2863 1723 2920 audirimus
1745 2881 1841 2922 rocem
1868 2877 1929 2939 post

301 2950 487 3022 poenitentiam
512 2951 604 3017 redit,
630 2965 714 3023 seque
738 2965 755 3005 a
779 2950 836 3007 suis
869 2949 988 3020 lapsibus
1019 2949 1088 3004 benc
1141 2958 1245 3019 tergum
1267 2950 1457 3007 commotionis
1469 2965 1588 3022 magam
1611 2952 1718 3023 qnando
1732 2953 1823 3009 tutam
1848 2957 1929 3013 corde

270 3081 274 3087 .
303 3042 416 3097 virendo
429 3042 518 3113 erigit.
536 3042 606 3111 Quid
621 3058 686 3114 ergo
700 3042 766 3105 istc,
782 3041 836 3097 nisi
850 3054 936 3111 usquc
952 3040 988 3096 ad
1000 3039 1088 3112 Dabg·
1140 3040 1314 3106 meditamur,
1327 3040 1435 3095 auditur
1447 3054 1499 3096 uox
1510 3041 1544 3096 dc
1555 3042 1699 3111 prioribus,
1710 3052 1737 3099 et
1754 3059 1787 3099 ex
1812 3046 1856 3101 his
1869 3061 1930 3115 qun

301 3131 389 3188 ionem
403 3133 488 3199 veuit,
498 3141 526 3188 et
539 3133 576 3188 ibi
587 3132 733 3189 liberatus?
745 3132 795 3201 Qui
806 3140 947 3203 postquam
960 3129 1087 3187 conlusus
1140 3139 1202 3186 ante
1215 3138 1288 3187 sunt.
1301 3128 1402 3203 (Greg.)
1412 3130 1482 3199 Quid
1494 3140 1537 3187 est
1547 3132 1608 3198 boc,
1620 3134 1690 3203 quod
1702 3137 1844 3205 propheta,
1858 3146 1929 3207 post.

300 3229 390 3277 meme
411 3234 538 3292 peruersa
558 3221 740 3296 perpetravit,
766 3221 823 3276 hec
846 3219 903 3290 ipsa
925 3220 1087 3275 erubescens
1138 3234 1221 3291 quam
1238 3220 1272 3275 ad
1288 3220 1549 3292 transmigrationem
1564 3220 1679 3276 liliorum
1692 3223 1782 3293 populi
1798 3225 1927 3294 mittitur,

301 3310 382 3378 analo,
393 3325 453 3382 quae
465 3309 540 3377 lecit,
555 3310 826 3380 recontraseerigit,
835 3310 938 3366 ctbcne
949 3307 1087 3380 operando
1138 3325 1232 3366 rocem
1252 3319 1313 3382 post
1335 3325 1364 3368 sc
1385 3327 1489 3383 magna
1500 3311 1688 3367 commotionis
1701 3313 1813 3379 audiuit,
1839 3316 1929 3372 elicoru-

181 3441 183 3446 .
301 3405 336 3460 au
350 3413 449 3461 snam
461 3404 632 3464 menradum
646 3403 726 3459 muta.
743 3402 889 3474 Sequitur:
1099 3385 1121 3447 C
1138 3409 1192 3457 am
1207 3418 1215 3456 ι
1230 3418 1241 3453 ι
1257 3399 1498 3473 reuertendum
1512 3401 1618 3458 nomm
1633 3403 1666 3458 ue
1681 3402 1740 3459 1000
1753 3405 1820 3461 mm
1837 3406 1929 3462 ‚corr-

340 3516 350 3551 ι
367 3497 402 3554 Et
421 3497 539 3568 loqueris
552 3495 667 3553 etdices
678 3497 711 3552 ad
725 3510 783 3552 cos.
805 3495 867 3552 lloee
880 3495 945 3551 dicit
958 3496 1087 3551 Dominus
1137 3505 1232 3548 uersus
1249 3492 1348 3564 quippe
1370 3493 1404 3549 ad
1424 3500 1579 3562 peccatores
1600 3493 1753 3565 babyloniae
1772 3493 1879 3562 luerat,
1899 3505 1927 3552 ct

306 3588 405 3655 «Deus,
415 3589 437 3645 si
449 3587 519 3644 lortc
528 3588 637 3644 audiant
646 3597 674 3644 et
683 3589 833 3658 quiescant.
847 3586 977 3655 »Quoties
990 3586 1087 3641 divinis
1121 3597 1124 3601 ⁴
1137 3595 1231 3636 rocem
1244 3580 1336 3653 gloria
1347 3582 1452 3638 Domini
1464 3582 1498 3637 dc
1510 3583 1570 3638 loco
1580 3597 1631 3638 suo
1643 3592 1704 3653 post
1717 3591 1823 3655 tergum
1838 3585 1930 3642 audia-

302 3680 415 3736 rereibus
425 3677 567 3735 dihleultas
578 3678 703 3735 audiendi
716 3679 856 3750 repetitur,
869 3685 898 3732 ut
908 3677 1043 3741 dicarunt
1057 3675 1086 3730 Si
1137 3673 1194 3727 bat.
1219 3673 1308 3730 Locus
1334 3674 1406 3730 enim
1422 3673 1528 3730 Domini
1551 3672 1715 3739 lemsalem,
1740 3675 1767 3732 id
1790 3687 1843 3742 est,
1859 3676 1929 3734 risio

302 3773 372 3827 lorte
383 3771 503 3836 audimt,
521 3789 531 3823 ι
548 3769 784 3840 quidaliudquam
798 3767 980 3841 transmigrati
994 3766 1087 3835 populi
1138 3765 1224 3835 pacis,
1239 3765 1301 3835 quia
1325 3764 1452 3820 nimirum
1467 3764 1549 3820 eorda
1569 3764 1613 3820 illa
1636 3766 1728 3822 rident
1741 3781 1773 3822 ea
1798 3783 1860 3838 quac
1880 3768 1927 3825 Dei

302 3859 400 3915 duritia
410 3856 621 3928 ‹lusignaturiln
631 3849 930 3929 quibusrerbis'rnagna
941 3864 982 3911 cst
993 3865 1086 3910 nostra
1137 3861 1211 3919 sunt,
1225 3869 1287 3923 quae
1296 3855 1329 3910 ad
1340 3855 1602 3923 transmigrationem
1615 3854 1779 3926 Dabglonitc,
1791 3856 1818 3911 id
1829 3865 1882 3920 est,
1894 3860 1926 3912 ad

302 3950 459 4019 cotrsolatio,
475 3952 538 4023 quia
551 3950 574 4007 si
585 3950 754 4021 omnipotens
768 3948 840 4005 Deus
852 3948 1010 4020 prophetam
1024 3946 1088 4001 mit·
1137 3945 1387 4013 confusionisritia,
1398 3961 1452 4001 non
1466 3946 1642 4002 descendunt.
1656 3947 1694 4003 lbi
1708 3948 1779 4006 enim
1794 3949 1928 4006 inhabitat

302 4053 362 4099 tens
382 4044 415 4099 ad
437 4057 593 4115 perversum
607 4041 734 4113 populum
754 4042 836 4097 rerba
860 4056 909 4097 sua
926 4040 1084 4106 denuntiat,
1137 4034 1219 4100 Deus,
1237 4034 1283 4090 ubi
1296 4050 1360 4090 rora
1372 4051 1424 4106 pax
1438 4037 1578 4105 quaeritur,
1594 4036 1707 4092 interna
1718 4039 1927 4109 contemplatio·

302 4131 409 4190 diliicilo
435 4133 547 4197 audire,
568 4146 680 4189 curuos
697 4132 789 4188 miseri
811 4132 1015 4197 contristamur,
1037 4145 1087 4186 cur
1137 4126 1180 4181 nis
1190 4125 1274 4198 gloria
1286 4139 1401 4181 amatur.
1410 4126 1529 4196 Numqui
1538 4126 1785 4197 adperrcrsitatcrn
1796 4131 1927 4192 defluunt.

302 4239 373 4296 saepo
393 4239 409 4279 a
426 4223 555 4280 iratribus
571 4224 599 4279 in
618 4233 711 4280 nostra
731 4224 912 4280 admonitione
934 4223 1086 4279 contemni·
1137 4215 1213 4271 locus
1224 4216 1269 4271 Dei
1284 4230 1344 4272 esee
1354 4225 1539 4272 corrtcnmunt.
1559 4216 1647 4273 Locus
1660 4218 1751 4289 gtoua
1766 4217 1815 4274 Dei
1830 4229 1873 4276 est
1888 4222 1928 4278 rel

301 4312 1087 4384 muriNamcrebrodelinquentesalloquimur,lrequcntnr
1137 4317 1232 4363 sancta
1246 4323 1359 4379 quaeque
1371 4308 1473 4373 anima,
1486 4308 1527 4364 rol
1538 4309 1722 4380 unusquisque
1734 4310 1760 4365 in
1771 4310 1929 4368 coelestibus

301 4403 491 4473 increpamus,
504 4416 575 4472 saepc
588 4416 649 4457 cum
663 4402 704 4458 cis
715 4400 820 4457 blandis
839 4402 1008 4458 sermonibus
1028 4403 1086 4472 agi-
1137 4414 1299 4470 permanens
1316 4399 1453 4470 angelicus
1466 4399 1589 4470 spiritus,
1612 4409 1640 4457 et
1654 4400 1739 4472 gloria
1762 4401 1873 4457 Donuni
1896 4403 1929 4458 dc

182 4535 185 4544 .
302 4507 374 4561 mut,
385 4501 414 4550 ot
424 4501 514 4548 tamen
528 4491 552 4548 si
563 4491 631 4548 alter
644 4492 729 4556 audit,
739 4491 808 4547 alter
818 4492 912 4547 audire
926 4493 1084 4558 contemnit,
1138 4491 1197 4546 loro
1209 4506 1258 4546 sno
1272 4489 1451 4555 benedicitur,
1467 4505 1528 4545 cum
1543 4489 1584 4547 rel
1599 4490 1634 4545 ab
1647 4489 1740 4546 electis
1755 4490 1928 4556 hominibus,

301 4584 370 4640 alter
382 4598 416 4640 ex
428 4591 506 4655 parte
517 4582 629 4638 verbum
641 4580 836 4637 exhortationis
857 4579 986 4651 suscipit,
1002 4588 1030 4635 et
1052 4596 1086 4636 ex
1137 4582 1211 4639 uela
1231 4582 1333 4639 sanctis
1359 4582 1462 4653 augelis
1482 4582 1721 4638 auetoriomnium
1743 4581 1805 4638 laus
1827 4591 1929 4638 aeterna

301 4686 378 4748 parte
389 4676 511 4747 recipere
524 4684 642 4738 recusat,
650 4671 687 4727 ita
701 4681 731 4726 ut
741 4670 860 4742 quotidie
871 4669 977 4740 impleri
993 4669 1085 4725 ridea—
1137 4681 1271 4730 mutatur.
1294 4671 1322 4728 ln
1347 4689 1381 4730 co
1394 4689 1477 4745 ergo,
1502 4675 1574 4745 quod
1592 4672 1661 4743 justi
1684 4673 1719 4730 de
1736 4676 1929 4732 convertendis

301 4779 362 4821 nus
374 4765 506 4837 bocqnod
522 4777 573 4834 per
586 4764 744 4834 prophetam
760 4760 841 4832 alium
852 4770 947 4817 narrat
957 4761 1086 4817 Dominus
1101 4738 1125 4797 ⁰
1138 4762 1327 4834 peccatoribus
1336 4762 1465 4834 cogitant,
1476 4763 1640 4831 quiacorum
1651 4762 1715 4817 vitia
1727 4763 1929 4822 considerando

300 4869 361 4924 qua
371 4852 465 4910 lecerit
478 4854 576 4917 iratus,
590 4867 651 4907 curn
665 4850 745 4907 dicit:
762 4847 840 4905 ‹Plui
855 4863 937 4921 super
947 4848 1085 4906 civitatem
1138 4851 1173 4907 ad
1185 4850 1307 4907 carnales
1327 4858 1404 4906 aetus
1425 4849 1532 4906 oculum
1544 4849 1660 4916 ducunt,
1674 4851 1751 4920 quasi
1763 4852 1799 4906 ad
1815 4849 1929 4925 Babylo·

301 4957 393 5008 unam,
403 4951 432 4998 et
442 4958 523 5014 super
535 4941 647 4998 alteram
662 4941 798 4997 civitatem
808 4953 863 4995 non
876 4937 942 5009 plui.
956 4937 1023 4994 Pars
1032 4955 1086 4998 uua
1138 4939 1210 4993 niam
1223 4938 1371 4994 intendant.
1389 4937 1441 5006 Qui
1456 4947 1543 4992 murrea
1558 4953 1608 5009 pro
1625 4947 1695 4994 stata
1715 4954 1771 4994 susc
1783 4941 1928 4998 rectitudi-

300 5035 434 5106 compluta
446 5043 497 5100 est,
514 5041 542 5089 et
553 5047 615 5102 pars
628 5049 688 5103 quc
700 5031 835 5103 compluta
846 5044 900 5087 non
912 5038 965 5099 cst,
975 5030 1082 5086 aruit.»
1138 5027 1192 5094 ads,
1205 5027 1423 5098 quiainlaudem
1444 5027 1491 5109 Dei
1503 5028 1572 5083 bona
1586 5036 1741 5083 sauctorum
1752 5029 1930 5086 considerare

300 5126 368 5181 tium
390 5125 462 5180 cuim
485 5133 584 5181 sanetas
610 5124 805 5182 exhortationis
827 5122 908 5180 rerba
931 5123 985 5179 alia
1008 5138 1085 5178 naeus
1138 5130 1275 5185 nunquam
1295 5114 1429 5177 desinam,
1445 5117 1570 5185 quamvis
1592 5132 1641 5187 per
1662 5117 1856 5189 cogitationem
1877 5120 1930 5176 alio

301 5214 423 5286 suscipit,
442 5213 493 5268 alia
508 5216 646 5286 suscipere
660 5222 782 5284 moueat,
801 5229 977 5287 superunam
987 5213 1083 5272 civita·
1137 5202 1293 5268 intendam·
1319 5203 1396 5273 11111111
1420 5211 1481 5273 111111
1495 5218 1524 5258 ⁵0
1547 5205 1639 5275 8111113
1656 5205 1761 5260 9111111111
1777 5221 1875 5263 11111111
1896 5209 1935 5264 11)

301 5311 355 5358 tem
368 5303 497 5358 Dourinus
507 5300 586 5372 pluit,
600 5311 628 5358 ot
641 5312 719 5373 supet
739 5304 851 5360 alteram
865 5318 919 5360 non
934 5302 1013 5374 plnlt.
1137 5293 1319 5359 lliemsalem,
1334 5293 1361 5348 id
1381 5304 1433 5358 cst,
1455 5294 1560 5349 deloco
1577 5310 1627 5351 suo
1649 5294 1772 5350 audiunt.
1792 5296 1866 5366 Quid
1888 5305 1954 5354 esu

339 5411 350 5445 ι
367 5392 402 5448 lit
414 5393 557 5463 assumpsit
567 5409 611 5448 me
623 5394 742 5462 spiritus.
754 5393 789 5449 Et
798 5393 887 5449 audiui
906 5401 968 5464 post
980 5407 1023 5448 me
1036 5408 1084 5447 uo-
1137 5399 1212 5456 crgo,
1226 5385 1296 5454 1111011
1310 5391 1372 5453 111111
1385 5398 1414 5439 ⁵0
1428 5383 1557 5454 Dl⁰tihei³
1573 5399 1667 5441 10111111
1686 5386 1791 5456 milvii
1808 5401 1952 5443 totatut-

306 5499 316 5532 ι
333 5496 394 5539 cero
409 5483 596 5538 commotionis
609 5497 721 5552 magum.
732 5482 966 5554 henedictagloria
978 5481 1084 5540 Domini
1138 5475 1220 5531 tiords
1234 5490 1353 5546 artagrrm,
1367 5475 1418 5531 nisi
1432 5475 1503 5545 qnod
1519 5484 1580 5545 post
1591 5490 1743 5532 sermonem
1759 5477 1961 5547 praedicatio·-

303 5592 314 5626 ι
331 5569 366 5628 'ele
377 5571 580 5628 loeosuonctc.
592 5568 779 5643 (llier.)Dcus,
789 5569 1019 5642 dequoscriptum
1027 5580 1083 5626 est:
1138 5565 1195 5631 nis,
1214 5567 1258 5635 qui
1273 5566 1304 5624 iit
1317 5567 1350 5622 ati
1371 5566 1451 5622 001111
1464 5565 1644 5635 peccantium,
1658 5565 1775 5624 1111111111
1794 5567 1947 5637 Doeniiffl‘

304 5680 314 5714 ι
330 5661 478 5717 dmumeus
490 5670 645 5716 mansuetos
658 5659 796 5725 Dominus,
806 5659 879 5730 »ipse
892 5661 1038 5732 assumpsit
1057 5670 1085 5716 et
1138 5659 1204 5713 tium
1219 5659 1385 5729 sequuntnri
1410 5657 1534 5714 Peracrsi
1547 5657 1618 5713 enim
1634 5658 1743 5730 qnippe,
1759 5658 1825 5714 dum
1846 5671 1951 5730 praru

299 5751 472 5824 prophetam,
486 5749 533 5821 qui
547 5763 600 5805 non
614 5756 673 5805 erat
686 5748 814 5811 incarne,
828 5749 877 5805 sed
890 5749 918 5804 in
931 5750 1043 5819 spiritu,
1057 5759 1085 5806 et
1137 5758 1229 5820 agunt,
1242 5758 1267 5805 et
1283 5764 1298 5803 a
1319 5749 1400 5818 iustis
1414 5757 1487 5804 recta
1501 5764 1553 5804 non
1568 5748 1690 5814 audiunt,
1705 5750 1831 5805 nesciunt
1848 5733 1944 5822 quarn

301 5841 441 5904 ambulans
452 5841 478 5898 in
489 5841 596 5913 spiritu,
607 5840 788 5912 camisopera
801 5855 854 5896 nou
876 5840 1015 5913 implebat,
1029 5842 1085 5912 spi·
1136 5841 1286 5913 siutgraria
1293 5842 1543 5914 quaecommittunt,
1552 5849 1671 5914 atqueex
1679 5842 1735 5914 ipsa
1743 5843 1942 5917 suaiguoran-

301 5931 370 5990 titus
394 5931 465 5992 cuim
480 5923 527 5986 uni
553 5936 612 5986 erat
632 5928 660 5985 in
676 5942 717 5984 co.
738 5926 917 5995 Quamobrem
933 5935 961 5984 ct
975 5934 1083 5986 terrena
1136 5929 1173 5984 tia
1196 5929 1223 5987 in
1247 5946 1296 6000 suu
1311 5940 1420 5999 stupore
1433 5928 1521 5985 securi
1534 5928 1608 5996 sunt,
1622 5937 1648 5984 et
1658 5928 1781 5999 jacentes
1797 5931 1825 5986 lu
1841 5925 1934 5997 culpi!
