4500 6842
269 646 340 703 1089
796 639 841 695 DE
859 635 1201 696 CONSANGUINEORUM
1220 635 1367 693 uultus.
1827 646 1897 702 qqqq

270 780 281 814 ι
303 766 363 813 erat
377 756 404 811 in
417 753 596 817 Hierusalem,
609 759 639 806 ut
651 750 847 822 intelligeretur
861 764 924 805 eum
937 748 1098 811 testimo-A
1110 746 1184 801 cuim
1199 753 1262 800 sunt
1274 745 1328 800 duo
1350 744 1522 801 Testamenta
1535 763 1542 800 ι
1557 762 1639 802 unum
1653 748 1762 817 quidem
1776 766 1793 805 a
1807 763 1899 810 monta

270 866 282 902 ι
302 847 379 902 nium
392 844 493 900 habere
508 842 588 907 uelle,
606 841 694 912 alege
706 851 735 897 et
747 842 896 911 prophetis.
919 840 1021 898 »Unde
1032 847 1060 896 et
1111 833 1176 891 Sina
1191 835 1218 889 in
1230 835 1388 891 servitutem
1414 851 1559 905 generans,
1586 854 1646 907 quae
1666 849 1709 895 est
1730 841 1812 913 Agar.
1832 842 1898 902 Sina

267 934 426 1008 Apostolus,
443 932 560 1002 gratiam
574 931 640 990 noui
652 929 818 984 Testamenti
828 928 999 984 testificatam
1013 943 1058 983 as·
1110 925 1183 979 euim
1194 939 1273 979 mons
1285 933 1328 979 est
1342 925 1369 979 in
1380 925 1490 992 drabia,
1505 928 1550 997 qui
1563 930 1722 999 conjunctus
1736 942 1778 987 est
1789 933 1825 1001 ei,
1837 951 1898 1005 quae

267 1026 337 1083 serit
349 1039 365 1078 a
379 1022 437 1093 lege
450 1029 478 1076 et
486 1019 625 1091 prophetis
638 1018 726 1090 (Rosia.
739 1019 798 1091 vn),
815 1019 877 1089 quia
895 1038 904 1069 ι
924 1019 964 1073 lex
977 1019 1060 1089 spiri·
1110 1030 1182 1069 nunc
1194 1022 1236 1070 est
1254 1013 1435 1080 Hierusalem,
1449 1025 1476 1070 et
1497 1017 1582 1072 servit
1596 1033 1657 1074 cum
1674 1018 1736 1075 tiliis
1755 1022 1822 1077 suis.
1846 1021 1896 1083 ttta

271 1133 282 1167 r
304 1113 366 1169 talis
377 1119 420 1167 cst
433 1119 461 1166 et
478 1117 584 1174 sancta,
598 1116 626 1163 et
641 1108 798 1163 nraudatum
820 1116 942 1162 sarnetum
956 1117 984 1163 et
998 1108 1058 1177 jus·
1110 1114 1200 1159 autem
1213 1118 1273 1173 quas
1288 1120 1395 1160 sursum
1414 1114 1456 1160 cst
1469 1105 1648 1173 llierusalem,
1661 1107 1747 1164 libera
1762 1120 1822 1166 est:
1838 1127 1899 1182 quas

272 1223 283 1257 r
306 1210 403 1259 tumet
416 1202 526 1257 bonum.
550 1220 559 1252 ι
573 1199 612 1253 Ex
626 1214 679 1269 quo
690 1198 838 1254 notandum
851 1207 902 1262 est,
918 1198 989 1268 quud
1000 1198 1060 1268 ipsa
1096 1206 1152 1256 ‚est
1164 1206 1250 1253 mater
1263 1207 1366 1254 nostra.
1381 1196 1517 1274 Scriptum
1534 1209 1576 1254 est
1589 1202 1661 1255 enim
1676 1219 1682 1254 :
1699 1221 1709 1252 ι
1726 1202 1898 1267 Laetarente·

269 1290 314 1350 lex
332 1293 360 1348 iu
374 1290 511 1361 aliquibus
535 1289 602 1345 locis
616 1288 763 1343 secundnm
784 1288 927 1343 historiam
943 1296 1058 1354 tantum,
1112 1307 1123 1343 ι
1140 1290 1209 1347 silis
1219 1308 1280 1362 quae
1303 1307 1356 1346 nuo
1376 1291 1460 1361 paris,
1482 1307 1594 1361 erumpe
1616 1299 1645 1346 ct
1666 1293 1753 1348 dama
1770 1276 1829 1367 qum
1843 1310 1900 1351 nors

269 1385 300 1441 in
311 1383 449 1453 aliquibus
463 1397 527 1437 reru
539 1381 687 1437 sectandum
699 1380 864 1450 allegoriam,
874 1380 901 1434 in
914 1378 1059 1449 aliquantis
1112 1382 1270 1450 «parturis,
1297 1382 1361 1451 quia
1388 1380 1464 1435 multi
1480 1380 1526 1434 dlii
1555 1382 1677 1447 desertae,
1704 1383 1790 1454 magis
1816 1396 1901 1452 qaam

270 1481 362 1529 sutem
379 1471 528 1528 seeundum
548 1471 689 1527 historiam
704 1469 785 1524 simul
800 1478 828 1523 et
843 1468 999 1539 allegoriam
1017 1469 1060 1524 iu·
1113 1469 1195 1539 equs
1210 1486 1270 1541 que
1284 1470 1367 1527 habet
1381 1471 1485 1535 virum,
1508 1480 1583 1525 sete.
1613 1470 1681 1542 (ιιι.
1707 1455 1771 1543 ιιι).
1792 1471 1896 1546 Sicrgo

272 1563 414 1634 telligenda
428 1571 482 1618 est.
499 1561 578 1631 Quia,
594 1569 625 1616 ut
636 1560 667 1615 tt.
687 1560 849 1615 Ambrosius
872 1558 990 1629 scripsit,
1011 1558 1060 1614 tri·
1109 1558 1168 1628 ipsa
1184 1559 1291 1615 Veritas
1303 1569 1332 1615 et
1350 1561 1474 1630 discipuli
1496 1561 1566 1631 ejus,
1580 1576 1614 1615 ex
1642 1563 1804 1618 testimoniis
1830 1563 1900 1633 legis

266 1656 332 1729 ples
354 1655 464 1725 quidem
485 1653 527 1709 lex
552 1662 603 1710 est.
627 1654 666 1708 lta
681 1661 711 1708 ut
726 1633 892 1722 prima‘pars
910 1651 944 1707 de
969 1665 1060 1707 sacra·
1096 1650 1261 1707 <doctrinam
1276 1665 1352 1705 suam
1377 1651 1567 1719 probauerunt,
1597 1658 1625 1705 et
1649 1652 1817 1707 auditoribus
1840 1653 1902 1707 suis

268 1753 362 1803 mento
375 1744 536 1809 divinitatis,
552 1744 588 1798 sit
600 1743 667 1799 lici:
684 1743 802 1797 secunda
815 1752 906 1801 autem
921 1758 982 1813 quae
994 1758 1061 1799 cou-
1110 1741 1378 1811 commendaverunt,
1393 1742 1455 1811 quis
1468 1750 1511 1797 cst
1527 1742 1573 1811 qui
1587 1742 1675 1811 ipsam
1689 1741 1756 1813 legis
1770 1743 1899 1798 assertio·

269 1836 345 1905 gruit
357 1834 409 1903 legi
423 1834 551 1899 naturali,
565 1848 627 1903 qum
653 1833 790 1888 interdicit
804 1842 945 1904 peecatum
960 1851 967 1888 ι
981 1834 1061 1895 tertia
1094 1847 1172 1889 ‚uem
1183 1832 1281 1887 audeat
1293 1833 1503 1903 reprehendere,
1512 1834 1620 1904 quando
1633 1848 1694 1887 eam
1708 1833 1805 1888 viderit
1816 1849 1902 1889 eran·

268 1941 345 1988 vero,
361 1925 404 1979 lex
424 1933 466 1979 est
477 1922 623 1989 laetorum,
636 1924 662 1980 id
675 1930 726 1989 est,
748 1923 854 1978 sabbati
869 1923 997 1981 historica
1005 1924 1061 1980 cla·
1096 1926 1203 1998 ¹gelicac
1226 1926 1357 1983 doctrinae
1379 1926 1564 1982 concordare?
1585 1925 1653 1981 Cum
1681 1928 1755 1982 enim
1779 1927 1900 1983 salubria

270 2017 398 2078 serratio,
414 2015 563 2071 neomenias
572 2024 600 2072 et
610 2016 790 2081 circumcisio,
811 2030 871 2087 quae
891 2016 1058 2087 spiritaliter,
1095 2024 1244 2086 >precepta
1255 2016 1283 2071 in
1297 2016 1354 2087 lege
1366 2016 1400 2071 dc
1414 2016 1558 2081 charitate,
1579 2016 1612 2071 de
1634 2016 1770 2080 castitate,
1788 2017 1821 2072 de
1834 2032 1901 2071 con·

270 2123 324 2163 uon
336 2107 490 2173 carnaliter,
504 2107 670 2178 temporibus
682 2108 918 2178 gratiaesersanda
929 2117 1002 2164 sunt.
1014 2106 1060 2163 Si·
1073 2099 1098 2159 B
1112 2107 1234 2174 tinentia,
1259 2118 1287 2162 et
1311 2107 1344 2161 de
1372 2105 1568 2172 misericordia,
1584 2107 1744 2176 caeterisque
1753 2108 1904 2164 virtutibus

269 2199 373 2253 militer
382 2208 473 2254 autem
482 2198 561 2275 etlex
573 2197 717 2264 naturalis,
729 2213 789 2267 quae
799 2200 945 2255 concordat
955 2200 982 2255 in
993 2199 1062 2255 mul·
1109 2198 1274 2251 emunitate
1297 2196 1388 2251 dii-tna
1411 2195 1596 2265 proferuntur,
1621 2197 1693 2251 umui
1718 2212 1780 2252 cum
1797 2199 1901 2255 bonore

270 2292 307 2347 tis
317 2291 370 2362 legi
384 2291 480 2362 lloysi,
496 2299 554 2346 tres
567 2291 650 2345 habet
667 2298 769 2361 partes.
794 2288 877 2359 Cujus
897 2291 983 2360 prima
1003 2293 1062 2348 hmo
1111 2285 1293 2354 suscipienda,
1304 2292 1333 2339 et
1347 2300 1408 2339 cum
1420 2299 1517 2355 magna
1530 2284 1667 2355 diligentia
1680 2287 1812 2340 servanda
1821 2294 1902 2341 sunt:

269 2392 324 2448 est,
345 2392 373 2437 ιι
386 2383 494 2453 agnitus
506 2383 654 2438 honoretur
665 2390 790 2438 creator:
804 2383 861 2453 tneo
875 2381 933 2450 ejus
951 2383 1062 2438 claritas
1111 2379 1174 2449 quia
1189 2378 1217 2432 in
1231 2379 1284 2433 hoc
1299 2391 1328 2432 se
1343 2378 1457 2446 quisque
1471 2376 1569 2445 probat
1581 2376 1666 2446 ipsius
1679 2377 1804 2432 veritatis
1816 2378 1901 2433 dero·

270 2480 301 2529 et
315 2472 452 2543 majestas,
473 2471 552 2526 alicui
568 2472 600 2527 de
619 2473 752 2527 creaturis
767 2472 921 2541 deputetur.
938 2471 1061 2529 Secunda
1113 2474 1169 2520 tum
1182 2479 1241 2520 esse
1266 2464 1439 2536 discipulum,
1455 2473 1483 2519 et
1499 2466 1686 2520 mandatorum
1701 2468 1748 2521 liei
1760 2469 1902 2523 custodem

270 2568 361 2616 autem
374 2575 436 2632 pars
451 2568 494 2614 cst
504 2558 626 2623 moralis,
642 2559 695 2613 bec
705 2566 758 2624 est,
771 2568 801 2614 ut
811 2559 879 2615 bene
889 2560 995 2614 visatur
1006 2574 1062 2614 mo-
1112 2554 1363 2624 diligentissimum,
1393 2554 1415 2607 si
1440 2554 1593 2609 consentiat
1611 2553 1663 2626 legi
1689 2555 1749 2621 hei,
1764 2565 1792 2610 et
1815 2556 1904 2613 eredit

270 2650 359 2706 destia
379 2648 556 2719 gubernante.
580 2646 711 2718 Congruit
729 2649 802 2703 enim
827 2648 928 2704 homiui
951 2647 1062 2703 habenti
1112 2642 1166 2698 illis
1182 2660 1243 2712 qnae
1267 2644 1295 2698 in
1309 2658 1341 2698 ea
1357 2643 1458 2712 scripta
1486 2650 1559 2697 sunt.
1578 2643 1647 2697 llinc
1668 2659 1775 2714 quoque
1798 2644 1904 2715 ipsesd

271 2741 395 2797 notitiam
408 2739 550 2804 creatoris,
562 2738 646 2792 vitam
657 2753 734 2793 suam
746 2738 804 2806 lege
814 2736 933 2804 frenare,
948 2754 982 2793 ne
992 2737 1064 2794 lrus·
1112 2734 1267 2802 incredulos
1293 2732 1411 2799 tuuaeos,
1433 2742 1461 2791 et
1474 2744 1568 2790 contra
1584 2734 1757 2804 altercantes,
1773 2737 1828 2792 ait:
1846 2756 1857 2792 ι
1871 2735 1904 2795 st

272 2839 360 2884 tretur
370 2829 480 2900 agnitio.
496 2827 587 2882 Tertia
600 2841 664 2881 vero
677 2842 741 2898 pars
751 2836 793 2881 est
805 2825 928 2881 docibilis
943 2844 950 2879 ι
969 2837 999 2881 ιι
1012 2842 1062 2883 uo·
1115 2845 1125 2879 ι
1144 2826 1215 2881 enim
1229 2819 1376 2881 'crederetis
1390 2824 1483 2897 Moysi,
1499 2827 1647 2883 crederetis
1658 2826 1772 2882 lorsitan
1783 2838 1810 2883 et
1824 2828 1902 2886 mibi.

272 2919 331 2974 titia
341 2918 388 2973 liei
404 2917 547 2982 creaturis,
567 2923 594 2970 et
605 2915 758 2986 exemplum
775 2931 835 2971 suos
851 2917 957 2971 caeteris
973 2916 1064 2971 trada·
1116 2938 1126 2971 ι
1143 2918 1181 2972 De
1195 2934 1238 2974 me
1262 2920 1333 2974 enim
1356 2918 1401 2974 ille
1414 2919 1545 2989 scripsit:
1559 2919 1588 2974 Si
1613 2929 1703 2976 antem
1719 2920 1790 2976 illius
1803 2921 1904 2977 litteris

271 3016 343 3065 tur:
364 3016 396 3062 ut
416 3008 522 3063 discant
541 3006 767 3075 quemadmodum
791 3006 921 3061 creatoris
937 3005 1063 3060 meritum
1116 3029 1126 3062 ι
1144 3025 1198 3067 ιιι
1226 3010 1346 3076 creditis,
1375 3010 1509 3079 quomodo
1534 3012 1603 3067 meis
1626 3012 1717 3067 rcrbis
1736 3013 1904 3069 credetisis

271 3099 436 3156 collocetur:
454 3099 564 3153 haccest
576 3097 723 3152 enimuero
743 3107 772 3153 et
786 3096 937 3152 Christiana
950 3096 1065 3167 pmden-
1115 3097 1207 3168 (loun.
1223 3099 1260 3171 v).
1289 3099 1358 3155 llinc
1380 3112 1408 3156 et
1432 3100 1496 3157 alibi
1518 3102 1545 3156 iu
1565 3102 1906 3176 Euangettotegturttuc.

272 3187 311 3244 tia
324 3206 332 3244 ι
348 3197 376 3244 et
390 3188 463 3243 omni
476 3186 612 3243 catholico
624 3186 658 3241 ad
669 3185 837 3251 discendum,
855 3194 937 3256 atque
956 3188 990 3241 ad
1004 3202 1064 3241 ser·
1115 3193 1172 3261 rvr)
1188 3211 1195 3241 z
1215 3212 1224 3244 t
1238 3192 1376 3248 Abraham
1391 3191 1468 3246 dirisi
1478 3190 1512 3247 tle
1528 3190 1635 3247 inferno
1647 3194 1681 3249 ad
1698 3209 1727 3248 se
1738 3193 1877 3259 clamanti,
1891 3211 1905 3245 ι

273 3280 391 3336 randum
401 3278 636 3346 necessariaquia
650 3292 699 3345 per
712 3278 782 3331 hanc
794 3277 820 3332 in
836 3277 888 3331 hoc
898 3277 997 3332 saeculo
1008 3277 1064 3331 uita
1114 3292 1144 3338 et
1158 3285 1315 3351 postulanti,
1335 3282 1508 3338 uthazamm
1531 3285 1728 3342 transmitteret
1740 3285 1771 3339 in
1795 3286 1904 3342 donnum

271 3375 388 3434 honesta
404 3370 522 3435 ducitur,
537 3377 564 3423 et
577 3370 603 3423 iu
622 3368 713 3422 loturo
724 3368 758 3423 ad
768 3369 878 3437 praemia
889 3377 990 3422 aeterna
1002 3382 1065 3436 per-
1114 3372 1268 3442 patrissui,
1298 3380 1432 3442 quatenus
1455 3380 1601 3428 testaretur
1624 3372 1686 3438 illis,
1702 3387 1736 3427 ne
1755 3374 1907 3443 elipsim·

273 3462 389 3520 venitur.
412 3460 496 3532 Igitur
512 3458 557 3514 ubi
572 3457 605 3512 de
620 3467 791 3512 sacramento
808 3455 957 3512 diuinitatis
974 3471 1064 3513 sermo
1078 3445 1100 3507 C
1116 3464 1215 3518 nirent-
1229 3462 1360 3519 inlocum
1383 3464 1471 3533 ipsum
1487 3471 1693 3528 tormentorum,
1709 3465 1880 3535 respondisse
1896 3482 1907 3519 :

278 3552 321 3617 tlt,
333 3550 374 3605 vel
394 3548 559 3605 devitandis
581 3547 656 3602 uitiis
677 3561 709 3601 ae
732 3546 876 3601 virtutibus
890 3548 1067 3616 assequendis
1120 3572 1130 3604 ι
1147 3552 1253 3607 Habent
1276 3552 1389 3622 lloysen
1412 3560 1441 3606 et
1462 3553 1744 3622 pmpbetas,-audiant
1757 3554 1827 3610 illos.
1846 3573 1855 3606 ι
1872 3553 1910 3612 ht

273 3650 411 3713 precepta
428 3641 537 3703 dautur,
557 3637 627 3692 bona
642 3644 685 3690 cst
698 3636 839 3698 historica,
853 3645 881 3691 et
900 3636 1012 3691 moralis
1025 3637 1066 3691 in·
1118 3639 1162 3695 ille
1186 3640 1275 3693 dixit:
1294 3639 1377 3693 ‹tton
1399 3649 1476 3707 pater
1492 3639 1641 3704 Abrabam,
1669 3642 1717 3696 sed
1743 3642 1766 3696 si
1790 3643 1851 3710 quis
1872 3657 1908 3702 es

273 3732 431 3800 telligentia.
449 3729 499 3786 Ubi
515 3737 605 3783 autem
620 3727 717 3782 umbra
729 3725 880 3780 futurorum
895 3727 1066 3797 exprimitur,
1120 3748 1130 3782 ι
1145 3730 1259 3785 mortuis
1282 3729 1344 3783 ierit
1357 3728 1391 3783 ad
1407 3743 1464 3794 eos,
1488 3728 1674 3797 poeraitentiam
1694 3737 1783 3799 agent.
1799 3730 1844 3785 stt
1857 3747 1907 3787 aa·

207 3847 214 3858 ·
274 3819 566 3892 utdelegclacturum
579 3817 709 3881 dixitnus,
724 3815 1067 3885 spiritalisomninointel-
1120 3817 1275 3873 rtemilli:
1292 3816 1440 3888 Sihloysen
1455 3817 1708 3889 etprophetasnon
1723 3820 1907 3883 audiuntne-

274 3914 379 3974 lectus,
405 3911 443 3966 ibi
468 3909 629 3981 quaerendus
650 3916 701 3964 est.
726 3906 861 3963 Caeterum
884 3908 929 3963 ubi
952 3909 1066 3964 historia
1121 3910 1236 3981 «quest
1264 3909 1326 3980 quis
1339 3923 1373 3963 ex
1398 3909 1512 3964 mortuis
1529 3911 1687 3974 resurrexit,
1702 3911 1822 3967 credent.
1839 3930 1849 3964 l
1864 3912 1905 3969 Ac

274 4010 371 4057 narrat
384 4001 525 4055 transitum
538 3999 654 4054 liliorum
664 3995 747 4053 lsrael
758 3998 791 4053 de
801 3996 920 4069 AEgypto
930 4013 979 4069 per
990 4014 1067 4055 mare
1101 4037 1103 4042 -
1118 3999 1141 4053 si
1156 4008 1279 4069 patenter
1298 3998 1401 4058 diceret
1416 3998 1468 4053 aSi
1483 3998 1534 4068 legi
1549 4007 1577 4054 et
1600 4000 1748 4069 prophetis,
1771 4000 1906 4070 justitiam

276 4092 409 4152 Rubrum.
418 4101 446 4147 et
456 4092 483 4147 in
494 4091 602 4146 deserto
610 4090 839 4145 constructionem
852 4090 1029 4158 tabemaculi,
1040 4098 1068 4146 et
1118 4098 1146 4145 et
1157 4090 1298 4145 veritatem
1313 4089 1472 4145 docentibus
1485 4105 1539 4144 non
1564 4092 1750 4160 acquiescunt,
1764 4108 1814 4148 nec
1827 4092 1909 4152 etri·

273 4184 354 4254 signa
376 4181 579 4245 miraculorum,
603 4195 663 4249 quae
683 4181 711 4234 iu
731 4180 816 4249 priori
840 4180 939 4251 populo
960 4180 1067 4237 Domini
1119 4181 1218 4250 stoqui
1238 4195 1272 4235 ex
1298 4179 1414 4239 mortuis
1440 4181 1600 4246 resurrexit,
1617 4188 1645 4236 et
1661 4184 1842 4254 evangelicam
1858 4186 1907 4243 do·

274 4271 352 4345 jussu
372 4271 443 4327 lacta
464 4280 538 4338 sunt,
559 4271 705 4342 praeliaque
720 4270 903 4327 lsraelitarum
923 4288 985 4328 cum
1000 4272 1068 4328 Glra-
1119 4270 1233 4325 ctrinam
1259 4270 1413 4335 annuntiat,
1431 4269 1484 4324 rite
1497 4271 1635 4326 obediunt
1650 4272 1769 4344 Denique
1791 4277 1824 4331 de
1840 4291 1907 4334 oon.

274 4364 381 4422 nanaeis
390 4371 419 4421 et
428 4363 534 4420 caeteris
548 4362 684 4433 gentibus,
697 4363 756 4416 ιιι
765 4362 875 4431 quidem
892 4359 1069 4418 historialiter
1119 4361 1302 4431 sanguinitate
1314 4360 1444 4416 llomhius
1456 4359 1514 4430 ipse
1526 4361 1573 4431 qui
1586 4361 1671 4432 legem
1686 4365 1769 4432 dedit,
1791 4376 1819 4422 et
1832 4373 1904 4438 post=

276 4454 317 4512 ita
329 4453 401 4509 laeta
417 4468 479 4510 esse
499 4452 633 4510 credenda
648 4460 721 4517 sunt,
735 4461 764 4507 ct
780 4463 870 4509 tamen
889 4454 917 4508 in
930 4454 1069 4526 mysteriis
1119 4453 1229 4506 modum
1249 4449 1389 4520 Evangelii
1414 4449 1629 4506 benedictionem
1652 4453 1767 4518 addidit,
1782 4464 1812 4510 ut
1828 4454 1910 4518 electi

276 4544 442 4613 venerenda.
470 4543 547 4600 Unde
570 4543 668 4599 Paulus
696 4543 832 4613 apostolus
852 4543 924 4600 lacta
947 4545 1069 4615 priorum
1119 4542 1162 4597 sui
1180 4541 1349 4596 ambularent
1367 4540 1401 4595 de
1421 4541 1521 4596 virtute
1538 4542 1566 4596 in
1593 4543 1910 4616 uirtutem,.inhevittoo

277 4633 394 4705 mystice
407 4632 573 4704 intelligens,
585 4632 619 4687 ad
631 4631 787 4687 Corinthios
800 4632 921 4702 scripsit,
938 4633 1031 4690 dicens
1042 4632 1069 4707 (l
1120 4632 1155 4688 ad
1169 4631 1278 4702 Moyseo
1292 4631 1400 4686 locutus
1414 4639 1456 4686 cst
1482 4633 1595 4687 dicens:
1613 4651 1622 4683 ι
1649 4630 1772 4701 loqrrere
1787 4634 1854 4694 tiliis.
1863 4636 1908 4697 ls-

278 4720 343 4776 Cor.
356 4720 409 4793 xl:
430 4740 440 4773 ι
460 4720 528 4777 ttoto
552 4720 624 4776 enim
644 4736 693 4776 ros
716 4720 852 4792 ignorare,
871 4721 982 4791 iratres,
1003 4739 1069 4794 quu-
1124 4743 1134 4777 ι
1150 4724 1207 4778 rael
1218 4733 1246 4778 et
1257 4723 1333 4779 dices
1343 4722 1437 4779 adcos
1454 4737 1462 4777 ι
1482 4722 1538 4793 Ego
1561 4722 1691 4778 boninus
1711 4724 1781 4781 Deus
1793 4737 1907 4785 vester:

281 4833 293 4865 ι
314 4814 489 4886 niampatres
499 4815 691 4870 nostriumnes
701 4815 751 4870 sub
762 4816 833 4870 nube
844 4813 962 4882 luemnt,
972 4783 1108 4874 elom-D
1123 4836 1133 4869 ι
1149 4815 1231 4872 iuxta
1250 4814 1475 4871 cousuetudinem
1499 4821 1579 4866 terre
1592 4811 1701 4883 AEgypti
1713 4815 1739 4872 in
1757 4831 1811 4885 qua
1825 4819 1907 4876 habi

283 4924 294 4956 ι
316 4919 366 4959 uos
379 4920 452 4960 mare
465 4905 641 4971 transierunt,
653 4911 784 4960 etumnes
796 4905 822 4959 in
836 4906 927 4977 lloyse
940 4908 1068 4977 baptisati
1123 4930 1134 4963 ι
1152 4910 1238 4976 tastis,
1253 4924 1306 4964 nou
1319 4906 1433 4971 iacietis,
1456 4902 1571 4971 etlusta
1586 4920 1690 4961 morem
1702 4908 1820 4986 regieais
1832 4912 1907 4968 cha·

282 5012 293 5046 ι
316 5001 388 5065 sunt,
404 4996 431 5050 in
444 4995 553 5051 nobeet
567 4995 595 5049 io
608 4995 688 5056 mari,
699 5001 726 5048 et
739 4996 1069 5053 omneseamdemescam
1123 5019 1134 5054 ι
1151 5014 1222 5055 naan
1244 4997 1278 5053 ad
1301 5009 1381 5066 quam
1402 5009 1452 5065 ego
1476 4994 1680 5054 introducturus
1695 5010 1754 5052 sum
1779 5013 1837 5064 ros,
1853 5016 1910 5056 noo

283 5100 295 5135 ι
318 5082 466 5153 spiritalem
484 5085 722 5147 manducaverunt,
740 5086 1008 5141 etomncscumdem
1022 5102 1070 5157 pc-
1123 5109 1134 5143 ι
1151 5091 1246 5162 agetis.
1261 5086 1354 5156 Neque
1363 5085 1435 5141 enim
1456 5085 1483 5140 ιι
1498 5084 1625 5155 legitimis
1639 5099 1733 5143 eorum
1758 5069 1910 5165 ambulabi-

283 5193 296 5229 s
314 5180 372 5228 tum
386 5172 535 5243 spiritalem
550 5172 684 5228 biberunt.
697 5171 828 5228 Bibsbant
840 5182 930 5228 autem
943 5175 977 5231 de
988 5176 1070 5247 spiri·
1124 5201 1135 5235 ι
1153 5182 1197 5236 tis.
1212 5177 1330 5235 l'scietis
1342 5174 1442 5244 iudicia
1466 5190 1539 5239 mea,
1552 5183 1580 5229 et
1592 5184 1728 5252 praecepta
1740 5192 1799 5256 mes
1814 5195 1909 5256 sems-

283 5284 297 5323 r
318 5263 550 5338 talieousequenti
563 5274 706 5336 eoepetra.
718 5263 798 5322 Petra
810 5266 1073 5323 autemeratChris-
1123 5271 1226 5335 ebitis,
1251 5276 1279 5323 et
1294 5269 1321 5323 ιι
1343 5267 1384 5322 eis
1405 5264 1598 5339 ambulabitis:
1609 5280 1666 5336 ego
1680 5267 1811 5334 Dominus
1834 5270 1911 5332 Iteus

285 5364 373 5413 ctos.
401 5374 412 5409 ι
440 5353 573 5412 Similiter
598 5364 740 5411 autemst
767 5355 802 5412 ad
822 5352 932 5412 Galatas
949 5357 1072 5414 scribens
1122 5371 1248 5416 temtor.
1265 5358 1404 5415 custodite
1421 5356 1503 5428 leges
1510 5370 1594 5414 meas
1609 5366 1691 5435 etque
1711 5358 1826 5427 iudicia,
1847 5377 1910 5432 qum
1974 5418 1983 5434 ,

283 5435 354 5508 duos
370 5443 439 5503 lilios
452 5446 578 5515 hamno,
593 5462 675 5502 unum
688 5447 727 5501 de
737 5446 835 5503 ancilla
848 5455 953 5513 natum
967 5450 1072 5506 etalte-
1123 5451 1354 5530 «maborno,
1370 5450 1444 5505 viset
1465 5446 1560 5512 taeta
1572 5447 1668 5509 (imnis
1685 5449 1767 5507 homo
1787 5449 1837 5506 sd
1835 5464 1910 5522 pso·

283 5551 348 5593 rum
351 5527 519 5605 delibera,
543 5536 843 5609 duobuspopolisper
867 5535 1073 5595 similitudinem
1123 5542 1252 5598 eximam
1278 5525 1674 5618 mogasisissuioortaccedet,
1688 5546 1719 5593 ιι
1731 5538 1908 5596 samtar-

283 5628 454 5702 comparant
460 5628 560 5691 diceus
585 5625 655 5701 (cat.
666 5626 728 5702 aul:
754 5648 764 5680 ι
786 5626 923 5700 Scriptum
944 5636 988 5687 est
1004 5645 1075 5703 quo·
1128 5631 1305 5702 rpitudinem
1318 5627 1396 5697 eiras:
1411 5624 1616 5700 egolismious
1638 5625 1844 5708 Turpitudisen
1861 5643 1912 5702 ps·

287 5714 393 5782 eniam
406 5717 546 5778 tunnam
568 5720 636 5783 duos
652 5718 721 5778 illios
744 5720 849 5802 babuit,
866 5717 950 5777 naum
971 5705 1072 5792 defes-
1129 5720 1205 5776 stru
1217 5717 1277 5800 tur
1293 5724 1323 5772 et
1350 5714 1541 5787 anpttndinero
1568 5713 1738 5774 morsus
1755 5700 1913 5775 ιιιιιιιω-

289 5800 396 5875 idua,
412 5793 683 5869 ιιιιιιιιιιιῑιιιιιι.
695 5806 1097 5882 διιςιιιιιιιιιιιιι,ιιαιι»
1130 5806 1283 5881 «operies
1298 5813 1388 5874 mater
1410 5812 1534 5867 tonat·
1549 5800 1754 5873 omissetahts
1767 5803 1913 5878 nuptum

195 5919 200 5924 ·
288 5882 1077 5986 s'duancarnemnatusesteutautemdeliberaperre'pro
1132 5909 1232 5953 eoem
1248 5892 1315 5964 elus.
1342 5892 1549 5967 turpitudinem
1573 5891 1667 5956 uxoris
1691 5894 1778 5966 petris
1802 5896 1912 5958 tulum

289 5985 495 6055 «scissionem,
509 6000 598 6061 sqoae
611 5996 675 6048 sunt
685 5984 900 6058 perallegoriam
913 5981 997 6043 dicta.¹
1010 5979 1074 6043 ttae
1133 5985 1377 6057 sehscooperics:
1401 5982 1540 6056 torpitudo
1571 5982 1645 6040 enlm
1670 5984 1768 6055 patris
1794 5989 1835 6045 tul
1857 5994 1911 6046 ost.
