4500 6842
239 605 296 664 293
516 612 519 616 ’
793 602 944 663 llblltulAE
964 604 997 659 {N
1018 604 1147 660 EVANG.
1167 605 1211 659 ET
1231 604 1337 661 salsa.
1830 610 1886 667 aas

234 714 299 773 nim
313 715 420 771 meritis
438 716 578 772 honnnum
597 716 669 771 Deus
681 714 763 770 Pater
784 714 878 770 dilexit
891 714 1013 769 homines
1030 732 1036 767 ε
1053 720 1077 778 Α
1092 712 1206 767 ὓοιιιιιιο
1219 724 1312 769 nostro
1332 713 1397 770 lesu
1414 715 1524 771 Christo
1546 717 1591 773 cui
1614 717 1651 776 sit
1664 716 1734 787 laus,
1754 720 1840 782 honor
1856 740 1884 784 ει

235 808 290 862 sed
305 806 484 863 salutantum
498 806 616 878 gratuita
628 805 817 861 misericordia
831 820 879 859 sua
893 805 919 857 in
935 812 1039 857 tantum
1091 804 1177 875 gloria
1192 821 1240 875 per
1253 806 1357 859 inlinita
1372 808 1469 861 saccula
1483 809 1653 865 saeculorum.
1667 811 1765 867 Διιιειι.

237 899 338 954 ιιιιειιι
363 898 488 955 homines
512 908 543 953 ιιι
568 897 677 953 ιιιιιειιιιι
704 897 790 952 ιιιιιιιιι
816 911 895 952 suum
922 895 1041 948 mitteret
1314 917 1488 974 pogqngg
1507 921 1661 978 gggqu

237 990 312 1046 mori
340 990 527 1060 propeccatis
550 989 751 1054 hominumue
778 987 900 1041 homines
925 982 1041 1053 amplius
1365 1005 1391 1042 ta
1409 1006 1497 1044 ιουιιι
1517 1008 1610 1048 tusto·

237 1085 394 1140 moriantur
414 1082 601 1160 igvgflpeecatis,
629 1081 785 1150 quicunque
807 1076 866 1145 ejus
887 1075 1040 1131 obedierint
1169 1074 1260 1129 lectio
1275 1076 1362 1129 sancti
1376 1076 1514 1148 Evangelii
1534 1083 1680 1138 seeundum
1694 1084 1807 1141 Lucam.

237 1157 526 1247 pwpuffldmia
537 1187 586 1243 per
601 1170 812 1227 inobedientiam
827 1167 908 1238 primi
922 1165 1040 1220 hominis
1127 1162 1162 1216 lu
1176 1165 1221 1217 illo
1236 1177 1360 1234 ternpore.
1375 1165 1461 1221 ileum
1473 1171 1580 1238 quidam
1593 1184 1649 1226 erat
1663 1175 1744 1242 dices,
1756 1187 1780 1231 et
1795 1179 1887 1233 iudae·

237 1267 329 1322 Adam
341 1264 529 1321 moriebantur
540 1277 635 1319 ornnes
650 1260 777 1317 hominos
792 1261 847 1315 Deo
859 1259 885 1312 in
901 1256 1038 1327 precantis:
1092 1252 1170 1306 batur
1182 1270 1299 1324 purpura
1312 1268 1334 1307 e:
1351 1254 1436 1325 byrso,
1452 1268 1475 1311 et
1496 1259 1652 1330 epulubatur
1670 1268 1786 1335 quotidie
1802 1269 1889 1324 solert-

238 1358 303 1412 ideo
317 1356 451 1413 obediens
467 1370 528 1411 esse
541 1354 668 1425 dignatus
682 1360 736 1418 est,
748 1351 820 1406 Deus
834 1351 892 1419 ipse
909 1347 980 1401 lilius
993 1345 1040 1401 liei
1091 1343 1165 1409 dite,
1177 1353 1228 1399 tlt·

238 1449 359 1503 pomino
375 1447 450 1502 Patri
471 1460 521 1501 suo
534 1460 620 1516 usque
643 1445 676 1499 ad
700 1451 827 1507 mortem,
842 1448 872 1494 ut
890 1454 939 1509 pro
954 1437 1041 1493 homi-
1128 1436 1278 1506 Purpuram
1298 1440 1363 1510 regii
1389 1441 1497 1498 babitus
1517 1460 1578 1500 csse
1602 1447 1721 1505 colorem
1742 1453 1855 1509 marinis
1873 1471 1889 1509 ε

238 1556 307 1594 uum
322 1546 477 1594 moreretur
490 1538 545 1591 vita
560 1545 588 1591 et
606 1534 703 1600 salute,
718 1542 749 1587 ut
772 1530 897 1587 omnibus
911 1529 962 1583 sibi
982 1542 1042 1582 cre·
1092 1526 1233 1581 conchulis
1248 1528 1366 1584 acinetum
1378 1548 1457 1587 ιιειιιο
1472 1533 1528 1590 ιειε
1542 1538 1588 1606 qui
1602 1539 1705 1595 dubitet
1720 1559 1726 1595 ι
1742 1557 1804 1597 nam
1819 1560 1886 1600 eon-

239 1630 371 1686 deutibos
385 1629 448 1683 vitae
460 1628 533 1684 viam
548 1625 677 1696 aperiret,
689 1637 790 1692 eosque
807 1634 899 1675 seeum
912 1618 945 1672 ad
963 1626 1041 1671 aeter·
1092 1618 1178 1673 ehtde
1195 1619 1268 1675 lerro
1282 1622 1450 1680 circumcisae
1471 1626 1626 1699 lachrymas
1640 1634 1769 1703 purpurei
1789 1636 1888 1693 coloris

238 1738 306 1778 nam
321 1730 352 1776 et
365 1721 473 1776 beatam
488 1715 723 1773 immortalitatem
735 1711 895 1781 perduceret
909 1706 980 1761 unde
994 1721 1041 1775 por
1091 1708 1190 1777 quibus
1201 1709 1260 1765 larua
1276 1712 1396 1783 tingatur
1407 1716 1546 1783 emittunt,
1561 1720 1657 1790 byssus
1671 1738 1737 1777 vero
1750 1740 1835 1795 genus
1848 1735 1891 1781 est

237 1812 353 1882 wrm,
366 1809 530 1865 cecideram,
665 1849 668 1857 ,
1092 1800 1228 1867 quoddam
1250 1801 1309 1868 lini,
1324 1804 1439 1859 nimiam
1461 1809 1568 1863 candidi
1582 1818 1609 1864 ct
1629 1812 1780 1869 mollissimi
1796 1835 1802 1869 :
1817 1819 1890 1885 quod

278 1902 446 1966 charissimi,
462 1901 484 1954 ri
502 1901 540 1954 cic
553 1898 625 1953 heus
642 1895 734 1949 ditexit
750 1890 1041 1959 scamandrenus
1092 1886 1180 1944 Greci
1194 1901 1310 1961 papaten
1332 1904 1441 1949 vocant.
1464 1897 1650 1956 Admonuerat
1673 1918 1738 1974 ergo
1760 1904 1892 1963 Dominus

237 1995 355 2049 inuicem
369 1991 486 2062 diligere.
507 1990 574 2046 Cum
591 2003 656 2059 ergo
670 1987 697 2041 in
713 1993 818 2040 tantum
834 1997 884 2037 nos
896 1982 968 2035 [leus
979 1977 1041 2032 nul·
1093 1992 1175 2048 supra
1197 1980 1298 2047 lacere,
1319 1983 1416 2038 amicos
1434 1985 1467 2039 de
1492 2005 1642 2044 nrnmmoun
1670 1992 1825 2063 iniquitatis,
1845 1999 1891 2068 qni

235 2083 276 2140 lis
286 2084 390 2141 nostris
399 2081 616 2155 praecedentibus
628 2077 734 2133 meritis
748 2074 892 2138 dilexit,ut
905 2071 1040 2127 diximus:
1056 2080 1153 2140 Bcnm
1167 2070 1199 2124 at
1213 2070 1262 2125 dac
1273 2073 1325 2127 aito
1346 2074 1528 2145 defecerimus,
1547 2081 1672 2151 recipient
1683 2100 1730 2138 uos
1743 2085 1772 2138 ia
1791 2097 1889 2142 oetemu

240 2190 294 2230 cur
315 2188 367 2229 nos
379 2172 495 2227 iuvioem
513 2168 731 2229 odiohabemus,
747 2164 799 2219 nisi
815 2170 844 2217 ut
866 2159 973 2217 diabolo
995 2174 1039 2213 sa·
1093 2160 1274 2216 tabernacula.
1299 2162 1377 2230 Quod
1399 2166 1539 2222 audientes
1564 2170 1694 2227 Pharisaei
1719 2174 1892 2243 deridebant,

241 2264 415 2321 tislaeiamus
429 2270 458 2317 et
472 2260 521 2317 bei
538 2258 668 2314 voluntati
690 2252 887 2326 repugnemus?
898 2251 952 2307 Cor
970 2250 1040 2304 invi·
1091 2264 1187 2304 verum
1200 2251 1310 2321 illeque
1322 2267 1500 2324 proposuerat
1510 2260 1641 2330 exemplis
1654 2268 1789 2330 astruens,
1797 2274 1890 2320 osten-

240 2358 288 2412 dia
306 2354 426 2426 proximi
446 2350 628 2414 stimulamur,
643 2349 694 2404 uisi
711 2357 740 2403 ut
764 2348 898 2417 ingratam
916 2342 1041 2398 dilectio·
1073 2342 1133 2403 ,dit
1146 2342 1208 2399 ideo
1229 2344 1340 2400 divitem
1360 2357 1538 2417 purpuratum
1560 2351 1794 2410 irremediabiliter
1818 2359 1892 2428 apud

240 2461 306 2501 nem
320 2444 402 2500 nobis
418 2440 566 2498 iaciamus?
585 2438 640 2494 Cur
654 2437 792 2494 iracundia
811 2445 839 2490 et
854 2434 911 2489 zelo
932 2432 1042 2488 morde·
1092 2430 1195 2488 inferos
1217 2442 1329 2502 tortum,
1348 2437 1411 2506 quia
1437 2455 1583 2510 pauperem
1607 2440 1752 2511 Lazarum,
1766 2462 1783 2500 a
1797 2449 1892 2517 quoin

240 2549 304 2590 mus
317 2534 475 2605 proximos,
496 2531 548 2590 nisi
563 2540 592 2585 ut
613 2530 660 2586 bei
674 2529 800 2584 uxandata
815 2524 996 2594 despiciamus
1015 2531 1044 2578 ει
1091 2525 1155 2579 vitae
1167 2526 1342 2583 tabernacula
1355 2532 1438 2600 recipi
1450 2534 1666 2601 possetamieum
1679 2537 1730 2592 sibi
1739 2536 1830 2594 lacere
1844 2556 1892 2596 ne-

241 2645 297 2683 uon
311 2628 369 2681 Deo
382 2626 431 2682 scd
451 2624 558 2681 diabolo
574 2639 623 2678 nos
638 2621 838 2690 mancipemus?
851 2617 884 2672 Et
906 2631 967 2671 cum
985 2616 1042 2670 haec
1091 2614 1232 2684 glexerat:
1247 2619 1369 2676 nonnulli
1395 2631 1485 2677 autem
1512 2633 1608 2692 putant
1627 2636 1761 2699 praecepta
1784 2631 1892 2687 Veteris

241 2723 280 2776 ita
304 2721 371 2784 ειιιι,
399 2718 508 2783 iratres,
536 2716 610 2773 omui
636 2714 795 2779 intentione,
822 2711 895 2768 omui
925 2708 1042 2775 cautela,
1093 2704 1259 2762 Testamenti
1274 2709 1438 2766 districtiora
1451 2727 1521 2779 esse,
1534 2729 1615 2783 quam
1637 2718 1700 2772 novi
1717 2719 1786 2774 :sed
1807 2720 1835 2774 hi
1850 2721 1892 2777 ni-

240 2815 317 2870 omni
333 2810 518 2876 festinatione,
531 2809 660 2878 omnique
674 2806 854 2862 sollicitudine
879 2803 972 2873 lugere
990 2804 1042 2858 isla
1093 2798 1193 2854 mirum
1215 2801 1364 2871 improvida
1386 2804 1604 2863 consideratione
1626 2807 1767 2864 falluntur,
1788 2811 1818 2866 ln
1844 2812 1893 2869 illo

240 2914 270 2957 et
283 2904 327 2957 his
339 2902 439 2957 similia
450 2900 520 2955 mala
534 2898 674 2965 debemus,
688 2907 716 2952 et
737 2895 810 2951 omni
829 2893 918 2949 studio
933 2893 1041 2964 perlici
1091 2889 1164 2944 enlm
1178 2907 1232 2946 nou
1245 2894 1350 2948 tenacia
1364 2896 1410 2950 sed
1424 2898 1668 2968 rapinamultatur,
1685 2901 1722 2955 ibi
1734 2917 1779 2957 res
1790 2901 1890 2971 iniuste

240 2992 459 3047 inisericordiam
483 2990 603 3044 devitare
620 3006 626 3041 :
644 2997 673 3042 ut
695 2995 795 3042 aeternna
816 2984 951 3055 possimos
973 2999 1041 3053 snp-
1093 2980 1198 3036 sublata
1224 2983 1396 3040 restitutione
1417 2986 1587 3057 quadruplici
1614 2989 1726 3058 punitur
1745 3005 1753 3043 t
1772 2991 1817 3046 hic
1842 3007 1890 3047 au·

240 3085 326 3155 ppei,
338 3084 463 3139 evadere,
476 3081 630 3138 Meminisse
653 3081 768 3154 splljcqe
784 3080 923 3141 debemus,
938 3077 1001 3147 quia
1015 3077 1042 3131 tn
1093 3077 1148 3124 tem
1162 3072 1236 3127 dives
1261 3072 1378 3129 istenon
1403 3076 1546 3133 abstulisse
1560 3079 1648 3135 aliem
1670 3083 1891 3153 reprehenditur,

241 3185 351 3231 tantum
368 3190 418 3229 nos
444 3174 516 3229 Deus
538 3172 642 3237 dilexit,
666 3180 696 3226 ut
718 3170 803 3224 filium
830 3184 907 3224 surim
932 3168 1042 3222 unicum
1092 3161 1260 3233 sedpropria
1275 3180 1329 3219 nou
1344 3165 1471 3234 dedisse;
1487 3184 1538 3223 uec
1553 3169 1663 3236 dieitur,
1680 3173 1890 3241 quiavinnum⁴

239 3265 314 3322 mori
341 3265 461 3320 mitteret
484 3263 646 3335 pronubis:
663 3271 691 3319 et
715 3261 778 3331 qnia
801 3260 849 3314 liei
865 3259 938 3314 lilius
959 3258 1042 3313 etiam
1092 3253 1246 3320 quempiam
1260 3256 1415 3323 oppressit:
1431 3257 1478 3312 sed
1494 3259 1558 3327 quia
1575 3259 1603 3314 in
1616 3262 1736 3331 acceptis
1753 3264 1844 3332 rebus,
1860 3281 1891 3323 so

240 3364 423 3412 mortuusest
442 3370 492 3427 pro
510 3355 587 3411 nobis
601 3372 608 3408 ε
622 3362 650 3409 ει
671 3354 733 3423 quia
747 3352 814 3427 nihil
829 3352 884 3407 Deo
901 3366 950 3421 pro
967 3358 1042 3405 tanta
1092 3341 1199 3396 0¹lulil·
1212 3342 1282 3399 Hinc
1293 3359 1360 3416 ergo
1375 3347 1438 3403 hinc
1453 3364 1624 3420 summopere
1636 3353 1816 3424 colligendum
1829 3366 1891 3414 est:

240 3459 271 3506 et
283 3464 336 3521 pro
347 3457 401 3504 tam
417 3447 598 3505 inestimabili
614 3449 714 3518 pietate
729 3462 778 3503 sua
795 3447 947 3502 retribuere
960 3444 1041 3515 digne
1054 3435 1077 3497 C
1092 3451 1147 3507 ⁴1⁰³
1169 3450 1249 3507 tioena
1267 3439 1423 3496 multandus
1446 3442 1492 3508 sit,
1509 3445 1554 3513 liti
1576 3445 1663 3501 aliena
1687 3448 1789 3519 diripit·
1804 3450 1827 3505 δί
1851 3451 1893 3507 i¹1·-

240 3538 378 3605 valcmus,
394 3539 446 3593 uisi
463 3547 495 3593 ιιι
509 3553 559 3593 nos
573 3536 688 3592 invicem
703 3550 772 3606 puro
786 3535 869 3592 corde
883 3542 910 3589 et
923 3541 997 3589 easta
1012 3548 1045 3589 ac
1093 3525 1164 3581 ferni
1179 3529 1352 3585 damnatione
1366 3532 1527 3600 percutitur,
1540 3535 1586 3604 qui
1610 3537 1720 3608 propria
1740 3555 1794 3595 non
1809 3540 1892 3612 largi·

241 3632 353 3688 sincera
376 3629 509 3685 charitate
524 3628 668 3699 diligamus
693 3628 718 3682 iu
736 3628 792 3682 beo
818 3640 871 3680 non
898 3624 992 3693 iniquo
1017 3632 1045 3678 et
1094 3627 1149 3674 tur.
1172 3620 1207 3674 m
1221 3629 1286 3675 sunt
1311 3624 1432 3677 nonnulli
1449 3625 1499 3695 qui>
1510 3626 1613 3681 cultum
1628 3629 1768 3685 subtilium
1790 3633 1894 3702 pretio·

242 3725 329 3779 noxio
346 3737 440 3777 amore
453 3721 586 3777 saeculari.
602 3720 674 3775 Nihil
699 3719 802 3775 uostris
816 3718 948 3789 proximis
961 3715 1045 3771 laeia-
1094 3727 1240 3781 serumque
1254 3714 1368 3768 vestium
1384 3730 1437 3771 raon
1451 3725 1548 3785 putant
1571 3734 1633 3774 esse
1652 3730 1804 3791 peecatum,
1820 3725 1895 3794 quod

243 3831 305 3871 mos
332 3814 406 3884 quod
422 3811 624 3882 nobismetipsis
639 3810 698 3865 lieri
722 3810 849 3865 nolumus
865 3827 872 3861 ε
889 3807 957 3862 nihil
980 3806 1044 3862 boni
1094 3802 1257 3859 sividclicet
1272 3805 1351 3875 culpa
1375 3821 1428 3861 nou
1441 3817 1515 3863 esset
1539 3825 1709 3881 nequaquam
1731 3827 1821 3871 sermo
1843 3814 1893 3871 Dei

243 3906 317 3977 quod
336 3904 540 3973 uobismetipsis
561 3901 620 3958 fieri
642 3910 778 3972 optamus,
794 3901 925 3971 proximis
944 3900 1046 3954 nostris
1094 3903 1151 3949 tam
1165 3897 1309 3967 vigilanter
1321 3899 1496 3970 exprimeret,
1508 3903 1580 3972 qnod
1593 3902 1669 3959 dives
1680 3905 1729 3975 qut
1751 3915 1891 3978 torquetur

244 3995 437 4061 invideamus,
453 3992 551 4049 talibus
565 3993 638 4048 enim
656 3994 747 4048 verbis
765 3992 864 4047 iratres
875 3991 929 4046 mei
946 4006 1045 4063 eogno-
1095 3987 1166 4057 apud
1179 3987 1291 4054 inleros,
1301 3990 1383 4060 bysso
1397 3999 1424 4046 et
1433 4006 1553 4061 purpura
1563 3993 1673 4049 indutus
1686 3994 1780 4052 luisset
1793 4012 1801 4050 ι
1812 4012 1895 4054 nemo

244 4100 323 4141 scere
343 4098 490 4155 possumus
506 4083 590 4152 :quia
604 4091 700 4138 contra
715 4082 798 4137 talem
817 4082 906 4136 lacere
921 4079 1045 4135 dilectio·
1094 4080 1194 4150 quippe
1206 4082 1369 4136 vestimenta
1382 4084 1517 4153 praecipua
1531 4085 1583 4140 nisi
1599 4087 1633 4141 ad
1652 4087 1760 4143 inanem
1778 4089 1895 4161 gloriam

244 4192 320 4241 ueni,
333 4185 363 4230 ut
376 4174 490 4230 audistis
505 4182 599 4229 contra
614 4176 696 4229 Deum
712 4173 802 4230 lacere
823 4183 875 4240 est,
896 4174 959 4244 qnia
974 4174 1046 4229 Deris
1094 4171 1203 4239 tquaerit,
1218 4171 1343 4227 videlicet
1357 4182 1386 4227 ul
1401 4174 1584 4232 honorabilior
1597 4178 1705 4234 caeteris
1720 4194 1780 4237 esse
1796 4181 1892 4238 videa-

246 4277 287 4323 est
300 4266 410 4323 dileetio
423 4284 430 4319 :
444 4263 529 4321 Nemo
543 4266 614 4321 dicat
627 4265 803 4321 inhominem
817 4279 922 4334 pecco:
936 4262 1045 4333 quando
1095 4272 1140 4317 tur
1154 4278 1252 4332 :quam
1265 4264 1371 4335 eulpam
1386 4281 1530 4337 possumus
1546 4268 1642 4326 melius
1657 4272 1739 4326 etiam
1755 4274 1895 4330 ediverso

247 4374 299 4414 neu
312 4358 396 4429 diligo
410 4357 524 4412 fratrem
549 4372 641 4412 meum
651 4372 662 4410 :⁴
672 4354 729 4426 jam
744 4356 767 4411 si
787 4356 871 4410 audes
884 4354 928 4410 lac
949 4363 1045 4410 eontra
1095 4351 1238 4425 colligere,
1256 4354 1320 4422 quia
1333 4357 1355 4410 si
1369 4355 1485 4426 abjectio
1497 4358 1560 4415 vilis
1575 4360 1725 4417 indumenti
1737 4364 1825 4420 virtus
1837 4382 1896 4425 nou

247 4452 331 4508 ὓειιιιι
346 4464 355 4504 z
370 4459 399 4505 et
411 4449 466 4505 noli
479 4449 591 4521 diligere
605 4448 718 4502 fratrem
736 4456 821 4502 tuum
845 4445 913 4500 Nam
929 4445 1048 4516 quinon
1095 4453 1177 4511 esset,
1194 4444 1364 4517 Evangelista
1379 4449 1413 4504 de
1427 4449 1531 4514 loanne
1545 4452 1688 4523 vigilanter
1712 4469 1767 4511 neu
1780 4457 1896 4525 diceret,

249 4546 334 4618 diligit
346 4553 440 4600 manet
456 4543 484 4599 in
499 4551 585 4599 morte
601 4561 607 4597 :
623 4541 675 4609 Qui
698 4549 788 4597 autem
809 4540 897 4611 diligit
912 4537 1048 4594 inhabitat
1095 4546 1151 4590 erut
1175 4537 1283 4592 indutus
1304 4539 1365 4610 pilis
1389 4542 1558 4597 camelorum.
1583 4543 1635 4600 Sed
1652 4546 1801 4601 notandum
1815 4548 1898 4603 nobis

250 4640 274 4693 iu
289 4654 323 4694 eo
337 4636 458 4707 Spiritus
476 4642 587 4690 sanctus
601 4632 683 4689 Deus.
701 4631 771 4698 Quin
785 4630 857 4685 Dens
872 4629 986 4683 elvardus
996 4638 1047 4694 est,
1096 4642 1259 4698 magnopere
1272 4638 1313 4683 est
1324 4630 1350 4684 iu
1366 4647 1413 4687 ore
1428 4633 1552 4688 veritatis
1576 4635 1609 4689 de
1627 4635 1743 4705 superbo
1759 4635 1852 4701 divite,
1866 4646 1895 4690 ει

250 4733 427 4804 squinones
441 4730 469 4783 ιιι
487 4725 717 4782 charitateinlleo
729 4733 817 4779 manet
836 4735 860 4779 et
875 4723 945 4777 ileos
965 4723 992 4776 in
1004 4738 1043 4775 eo.
1097 4718 1131 4774 de
1154 4719 1248 4774 humili
1275 4736 1403 4793 paupere,
1418 4732 1535 4794 quantus
1549 4724 1585 4779 sit
1605 4726 1674 4779 ordo
1701 4726 1865 4781 narrationis
1883 4744 1894 4781 a

250 4820 342 4879 <imnis
357 4819 431 4875 enim
446 4818 491 4888 qui
507 4832 560 4873 non
571 4816 658 4888 diligit
669 4815 754 4871 Βειιιιι
769 4814 874 4870 alicnus
889 4822 930 4868 est
951 4813 985 4868 ab
1000 4825 1044 4876 eo,
1059 4794 1084 4854 D
1097 4808 1167 4864 Eece
1182 4810 1254 4864 euim
1278 4811 1387 4877 dieitur,
1402 4813 1478 4867 tremo
1497 4814 1605 4884 quidam
1615 4823 1672 4869 eret
1686 4815 1770 4881 diaes,
1783 4824 1811 4871 et
1829 4832 1895 4887 pro·

252 4914 331 4968 ethic
341 4919 385 4968 est
397 4907 592 4974 Antichristus,
610 4916 638 4963 et
650 4907 774 4977 quamvis
798 4906 881 4960 intret
904 4905 931 4959 in
951 4902 1045 4958 basili·
1099 4900 1172 4954 tinus
1186 4899 1337 4972 subjungit:

252 5001 472 5069 cam,nnmerari
490 5000 560 5055 inter
582 5000 652 5055 lilios
667 5000 715 5055 liei
742 5015 796 5054 nou
821 5007 920 5069 potest.
940 4993 1045 5051 llabere
1134 4990 1200 5043 Erat
1226 4992 1331 5061 quidem
1363 4992 1496 5047 mendum
1524 4995 1627 5049 nomine
1655 4994 1784 5051 Lamum
1810 4996 1897 5053 Gerre

253 5098 319 5152 avim
334 5096 499 5166 baptismum
511 5101 539 5151 et
562 5094 650 5148 malus
663 5107 724 5149 esse
747 5101 847 5162 potest,
863 5091 986 5160 accipere
999 5103 1044 5144 sa·
1097 5080 1158 5152 pius
1183 5082 1270 5137 solent
1285 5082 1313 5136 iu
1336 5082 1435 5151 populo
1453 5085 1562 5139 nomina
1576 5085 1706 5153 divitum,
1721 5103 1804 5157 quam
1823 5103 1893 5158 pau·

254 5194 418 5241 uramentum
433 5184 556 5255 corporis
578 5194 606 5240 et
630 5185 770 5255 sanguinis
783 5182 902 5249 Donum,
917 5190 945 5236 ει
958 5180 1045 5237 nialus
1098 5190 1194 5246 perum
1220 5176 1296 5231 sciri.
1312 5174 1383 5242 Quid
1396 5177 1520 5246 estquod
1534 5176 1665 5233 Dominus
1687 5180 1720 5235 de
1733 5189 1896 5250 paupertate

190 5270 192 5290 '
255 5292 307 5334 sse
320 5286 421 5354 potest.
437 5275 504 5330 Nam
520 5276 554 5332 de
566 5276 666 5331 talibus
683 5276 814 5346 scriptum
833 5284 886 5340 est,
907 5277 950 5345 qui
971 5291 1047 5328 mnu·
1098 5275 1125 5323 et
1139 5266 1223 5322 divite
1236 5267 1348 5321 verbum
1362 5265 1475 5333 iaciens,
1496 5284 1594 5324 nomen
1613 5269 1740 5340 pauperis
1753 5269 1831 5335 dicit,
1844 5287 1894 5325 uo·

256 5368 325 5423 tamt
339 5379 364 5424 et
378 5368 442 5422 bibit
463 5369 568 5440 indigue
584 5369 718 5439 judicium
735 5368 784 5422 eibi
800 5367 943 5421 manducat
963 5375 988 5419 et
1008 5364 1047 5418 tu·-
1098 5375 1161 5415 men
1174 5359 1265 5415 divitis
1280 5375 1333 5415 noa
1348 5359 1423 5425 dicit,
1439 5360 1490 5415 nisi
1506 5360 1577 5431 quod
1590 5359 1661 5416 Deus
1680 5361 1796 5417 bmniles
1817 5363 1894 5417 novit

256 5457 294 5514 lit.
313 5458 487 5514 Christianus
506 5458 578 5513 enim
591 5458 695 5522 vocari,
712 5467 739 5512 ει
760 5458 847 5512 malus
871 5473 931 5512 csse
947 5465 1044 5526 potest,
1097 5463 1178 5522 atque
1188 5453 1320 5524 approbat
1331 5460 1359 5507 ει
1371 5454 1501 5521 superbos
1520 5454 1636 5522 ignorat.
1650 5452 1770 5509 Uadeet
1781 5454 1894 5524 quihus·

255 5545 346 5604 labere
359 5555 452 5602 autem
466 5547 631 5602 charitatem
643 5558 671 5604 et
687 5548 774 5603 malus
788 5562 849 5602 esse
875 5563 928 5601 non
944 5555 1044 5617 potest.
1097 5546 1159 5601 dam
1174 5546 1209 5601 de
1222 5545 1414 5600 miraculorum
1437 5545 1537 5600 virtute
1559 5544 1776 5614 superbientibus
1795 5545 1823 5600 iu
1838 5545 1892 5600 lirae

256 5637 303 5697 lloc
315 5640 1044 5711 estergopropriumhomiuibusalleodonum,ipse
1097 5637 1219 5692 dicturus
1232 5644 1284 5702 est,
1304 5635 1400 5690 Nescio
1412 5652 1467 5701 uos,
1478 5636 1553 5715 'unde
1589 5635 1660 5700 sitis,
1675 5634 1892 5690 discediteame

256 5742 289 5788 cst
309 5733 440 5788 salutaris
464 5732 525 5787 loris
546 5752 553 5786 :
571 5734 605 5788 ad
630 5733 701 5788 hinne
727 5731 873 5787 bibendum
899 5731 977 5786 docet
995 5745 1044 5785 nos
1094 5745 1190 5784 ornares
1202 5729 1319 5798 operarii
1335 5728 1496 5799 iniquitatis.
1508 5727 1543 5782 m
1568 5736 1662 5783 contra
1682 5726 1766 5797 lloysi
1781 5726 1894 5792 dicitur,

254 5822 401 5893 apostolus,
418 5823 452 5876 ad
465 5823 536 5878 brine
548 5824 693 5880 bibendum
716 5840 766 5879 nos
788 5827 913 5879 hortatur
927 5822 1044 5892 Spiritus
1095 5817 1162 5874 Nori
1178 5828 1204 5871 ιε
1215 5832 1248 5872 ex
1259 5816 1368 5872 nomine
1380 5834 1387 5869 ε
1400 5816 1447 5870 Αιι
1457 5830 1522 5886 ergo
1533 5815 1567 5870 de
1576 5814 1671 5881 divite,
1680 5812 1895 5883 ilomoqnidcm,

254 5923 368 5980 unctus,
384 5913 448 5984 quia
460 5914 483 5968 ιι
504 5909 644 5987 diligemus
655 5915 845 5982 inuicem,lleus
858 5914 884 5968 ιιι
900 5913 973 5967 uobis
988 5930 1045 5967 mo·
1095 5912 1134 5965 ait
1147 5911 1180 5965 de
1192 5908 1432 5979 pauperc,quaus
1447 5907 1549 5961 noritiue
1561 5906 1691 5960 Maurus.
1705 5904 1745 5958 Ac
1760 5903 1783 5957 si
1798 5912 1892 5974 aperte

254 6014 301 6075 stt,
312 6016 336 6061 et
349 6004 467 6061 rhomam
477 6004 534 6074 eins
544 6006 572 6059 ιιι
582 6005 656 6062 uobis
665 6006 779 6078 perferto
789 6005 904 6075 est‚ipso
914 6004 1044 6076 largit-otc
1095 6005 1182 6069 dicat,
1199 6018 1345 6073 qiavrpercm
1370 6002 1497 6057 huntilem
1523 6001 1590 6067 seio,
1611 5997 1757 6072 superbum
1780 5996 1895 6054 divitem
