<?xml version="1.0" encoding="UTF-8"?>
<!DOCTYPE html PUBLIC "-//W3C//DTD XHTML 1.0 Transitional//EN"
    "http://www.w3.org/TR/xhtml1/DTD/xhtml1-transitional.dtd">
<html xmlns="http://www.w3.org/1999/xhtml" xml:lang="en" lang="en">
 <head>
  <title>
</title>
<meta http-equiv="Content-Type" content="text/html;charset=utf-8" />
  <meta name='ocr-system' content='tesseract 3.04.00' />
  <meta name='ocr-capabilities' content='ocr_page ocr_carea ocr_par ocr_line ocrx_word'/>
</head>
<body>
  <div class='ocr_page' id='page_1' title='image "./patrologiaecurs95unkngoog_0165.png"; bbox 0 0 4500 6842; ppageno 0'>
   <div class='ocr_carea' id='block_1_1' title="bbox 303 615 357 682">
    <p class='ocr_par' dir='ltr' id='par_1_1' title="bbox 303 615 357 682">
     <span class='ocr_line' id='line_1_1' title="bbox 303 615 357 682; baseline -0.093 -1"><span class='ocrx_word' id='word_1_1' title='bbox 303 615 357 682; x_wconf 76' lang='lat' dir='ltr'>&#39;sta</span> 
     </span>
    </p>
   </div>
   <div class='ocr_carea' id='block_1_2' title="bbox 849 617 1397 680">
    <p class='ocr_par' dir='ltr' id='par_1_2' title="bbox 849 617 1397 680">
     <span class='ocr_line' id='line_1_2' title="bbox 849 617 1397 680; baseline -0.009 -3"><span class='ocrx_word' id='word_1_2' title='bbox 849 621 1005 680; x_wconf 63' lang='lat' dir='ltr'>hohhus:</span> <span class='ocrx_word' id='word_1_3' title='bbox 1023 618 1057 678; x_wconf 75' lang='lat' dir='ltr'>dt</span> <span class='ocrx_word' id='word_1_4' title='bbox 1078 619 1204 677; x_wconf 71' lang='lat' dir='ltr'><strong>EVANG.</strong></span> <span class='ocrx_word' id='word_1_5' title='bbox 1225 618 1269 673; x_wconf 80' lang='lat' dir='ltr'>ET</span> <span class='ocrx_word' id='word_1_6' title='bbox 1289 617 1397 674; x_wconf 74' lang='lat' dir='ltr'>EPlST.</span> 
     </span>
    </p>
   </div>
   <div class='ocr_carea' id='block_1_3' title="bbox 302 726 1945 808">
    <p class='ocr_par' dir='ltr' id='par_1_3' title="bbox 302 726 1945 808">
     <span class='ocr_line' id='line_1_3' title="bbox 302 726 1945 808; baseline -0.005 -16"><span class='ocrx_word' id='word_1_7' title='bbox 302 734 390 808; x_wconf 69' lang='lat' dir='ltr'>pressi</span> <span class='ocrx_word' id='word_1_8' title='bbox 405 731 508 803; x_wconf 69' lang='lat' dir='ltr'>{uritis</span> <span class='ocrx_word' id='word_1_9' title='bbox 534 745 632 788; x_wconf 78' lang='lat' dir='ltr'>termus</span> <span class='ocrx_word' id='word_1_10' title='bbox 657 751 735 804; x_wconf 83' lang='lat' dir='ltr'>quatu</span> <span class='ocrx_word' id='word_1_11' title='bbox 751 750 797 805; x_wconf 79' lang='lat' dir='ltr'>epo</span> <span class='ocrx_word' id='word_1_12' title='bbox 811 735 879 788; x_wconf 80' lang='lat' dir='ltr'>drabo</span> <span class='ocrx_word' id='word_1_13' title='bbox 900 735 982 797; x_wconf 83' lang='lat' dir='ltr'>uobis,</span> <span class='ocrx_word' id='word_1_14' title='bbox 996 742 1020 788; x_wconf 77' lang='lat' dir='ltr'>st</span> <span class='ocrx_word' id='word_1_15' title='bbox 1036 749 1102 789; x_wconf 84' lang='lat' dir='ltr'>mes·</span> <span class='ocrx_word' id='word_1_16' title='bbox 1117 736 1140 794; x_wconf 83' lang='grc' dir='ltr'><strong>Α</strong></span> <span class='ocrx_word' id='word_1_17' title='bbox 1154 729 1202 795; x_wconf 79' lang='lat' dir='ltr'>ht,</span> <span class='ocrx_word' id='word_1_18' title='bbox 1216 730 1263 785; x_wconf 76' lang='lat' dir='ltr'>secl</span> <span class='ocrx_word' id='word_1_19' title='bbox 1280 739 1308 785; x_wconf 84' lang='lat' dir='ltr'>et</span> <span class='ocrx_word' id='word_1_20' title='bbox 1334 729 1367 784; x_wconf 86' lang='lat' dir='ltr'>de</span> <span class='ocrx_word' id='word_1_21' title='bbox 1389 730 1440 783; x_wconf 87' lang='lat' dir='ltr'>hoc</span> <span class='ocrx_word' id='word_1_22' title='bbox 1463 727 1591 798; x_wconf 86' lang='lat' dir='ltr'>primatu,</span> <span class='ocrx_word' id='word_1_23' title='bbox 1619 726 1715 796; x_wconf 88' lang='lat' dir='ltr'>lnquit,</span> <span class='ocrx_word' id='word_1_24' title='bbox 1736 734 1763 782; x_wconf 86' lang='lat' dir='ltr'>ct</span> <span class='ocrx_word' id='word_1_25' title='bbox 1776 726 1945 798; x_wconf 71' lang='lat' dir='ltr'>appellabatis</span> 
     </span>
    </p>
   </div>
   <div class='ocr_carea' id='block_1_4' title="bbox 303 827 1102 1079">
    <p class='ocr_par' dir='ltr' id='par_1_4' title="bbox 303 827 1102 1079">
     <span class='ocr_line' id='line_1_4' title="bbox 303 827 1100 899; baseline -0.004 -16"><span class='ocrx_word' id='word_1_26' title='bbox 303 828 414 883; x_wconf 68' lang='lat' dir='ltr'>ueritis</span> <span class='ocrx_word' id='word_1_27' title='bbox 430 836 552 897; x_wconf 76' lang='lat' dir='ltr'>scpctesn,</span> <span class='ocrx_word' id='word_1_28' title='bbox 571 827 659 894; x_wconf 70' lang='lat' dir='ltr'>[cretis</span> <span class='ocrx_word' id='word_1_29' title='bbox 674 828 822 899; x_wconf 86' lang='lat' dir='ltr'>manipulos</span> <span class='ocrx_word' id='word_1_30' title='bbox 842 829 986 897; x_wconf 83' lang='lat' dir='ltr'>spicarum,</span> <span class='ocrx_word' id='word_1_31' title='bbox 1007 827 1100 897; x_wconf 83' lang='lat' dir='ltr'>prinsi-</span> 
     </span>
     <span class='ocr_line' id='line_1_5' title="bbox 304 919 1102 989; baseline -0.005 -13"><span class='ocrx_word' id='word_1_32' title='bbox 304 930 360 976; x_wconf 85' lang='lat' dir='ltr'>tsss</span> <span class='ocrx_word' id='word_1_33' title='bbox 372 920 463 974; x_wconf 82' lang='lat' dir='ltr'>nscsss&#39;s</span> <span class='ocrx_word' id='word_1_34' title='bbox 483 928 576 973; x_wconf 77' lang='lat' dir='ltr'>uestrae</span> <span class='ocrx_word' id='word_1_35' title='bbox 590 919 625 973; x_wconf 81' lang='lat' dir='ltr'>ud</span> <span class='ocrx_word' id='word_1_36' title='bbox 642 919 814 973; x_wconf 50' lang='lat' dir='ltr'>sacerdotem,</span> <span class='ocrx_word' id='word_1_37' title='bbox 831 919 884 984; x_wconf 85' lang='lat' dir='ltr'>Qui</span> <span class='ocrx_word' id='word_1_38' title='bbox 897 919 1005 974; x_wconf 81' lang='lat' dir='ltr'>elevabit</span> <span class='ocrx_word' id='word_1_39' title='bbox 1018 919 1102 989; x_wconf 73' lang='lat' dir='ltr'>[nsci-</span> 
     </span>
     <span class='ocr_line' id='line_1_6' title="bbox 304 1007 1100 1079; baseline -0.003 -14"><span class='ocrx_word' id='word_1_40' title='bbox 304 1008 399 1065; x_wconf 79' lang='lat' dir='ltr'>cslsss</span> <span class='ocrx_word' id='word_1_41' title='bbox 419 1024 511 1064; x_wconf 86' lang='lat' dir='ltr'>corum</span> <span class='ocrx_word' id='word_1_42' title='bbox 527 1007 639 1063; x_wconf 74' lang='lat' dir='ltr'>dominc</span> <span class='ocrx_word' id='word_1_43' title='bbox 663 1018 690 1063; x_wconf 92' lang='lat' dir='ltr'>ut</span> <span class='ocrx_word' id='word_1_44' title='bbox 713 1009 879 1079; x_wconf 83' lang='lat' dir='ltr'>acceptabilis</span> <span class='ocrx_word' id='word_1_45' title='bbox 906 1010 938 1063; x_wconf 88' lang='lat' dir='ltr'>sit</span> <span class='ocrx_word' id='word_1_46' title='bbox 961 1008 1100 1079; x_wconf 83' lang='lat' dir='ltr'>procebis,</span> 
     </span>
    </p>
   </div>
   <div class='ocr_carea' id='block_1_5' title="bbox 1152 818 1964 1075">
    <p class='ocr_par' dir='ltr' id='par_1_5' title="bbox 1152 818 1964 1075">
     <span class='ocr_line' id='line_1_7' title="bbox 1152 818 1943 888; baseline -0.01 -9"><span class='ocrx_word' id='word_1_47' title='bbox 1152 826 1222 879; x_wconf 82' lang='lat' dir='ltr'>hunc</span> <span class='ocrx_word' id='word_1_48' title='bbox 1233 823 1302 877; x_wconf 81' lang='lat' dir='ltr'>diem</span> <span class='ocrx_word' id='word_1_49' title='bbox 1313 820 1519 885; x_wconf 81' lang='lat' dir='ltr'>celeberrimam,</span> <span class='ocrx_word' id='word_1_50' title='bbox 1538 828 1567 873; x_wconf 86' lang='lat' dir='ltr'>et</span> <span class='ocrx_word' id='word_1_51' title='bbox 1579 818 1704 888; x_wconf 86' lang='lat' dir='ltr'>posthoc</span> <span class='ocrx_word' id='word_1_52' title='bbox 1716 827 1794 888; x_wconf 82' lang='lat' dir='ltr'>atque</span> <span class='ocrx_word' id='word_1_53' title='bbox 1808 818 1943 874; x_wconf 86' lang='lat' dir='ltr'>sanctissi-</span> 
     </span>
     <span class='ocr_line' id='line_1_8' title="bbox 1153 907 1964 983; baseline -0.007 -13"><span class='ocrx_word' id='word_1_54' title='bbox 1153 931 1235 980; x_wconf 84' lang='lat' dir='ltr'>nam,</span> <span class='ocrx_word' id='word_1_55' title='bbox 1251 922 1281 969; x_wconf 90' lang='lat' dir='ltr'>ut</span> <span class='ocrx_word' id='word_1_56' title='bbox 1290 913 1316 967; x_wconf 92' lang='lat' dir='ltr'>in</span> <span class='ocrx_word' id='word_1_57' title='bbox 1330 926 1363 967; x_wconf 90' lang='lat' dir='ltr'>eo</span> <span class='ocrx_word' id='word_1_58' title='bbox 1376 924 1555 983; x_wconf 73' lang='lat' dir='ltr'>cognosceres</span> <span class='ocrx_word' id='word_1_59' title='bbox 1565 908 1629 979; x_wconf 91' lang='lat' dir='ltr'>qaid</span> <span class='ocrx_word' id='word_1_60' title='bbox 1641 923 1702 962; x_wconf 91' lang='lat' dir='ltr'>cum</span> <span class='ocrx_word' id='word_1_61' title='bbox 1717 907 1778 964; x_wconf 84' lang='lat' dir='ltr'>aliis</span> <span class='ocrx_word' id='word_1_62' title='bbox 1791 922 1945 971; x_wconf 82' lang='lat' dir='ltr'>commane,</span> <span class='ocrx_word' id='word_1_63' title='bbox 1959 949 1964 964; x_wconf 80' lang='lat'>.</span> 
     </span>
     <span class='ocr_line' id='line_1_9' title="bbox 1152 1000 1945 1075; baseline -0.008 -13"><span class='ocrx_word' id='word_1_64' title='bbox 1152 1005 1256 1075; x_wconf 85' lang='lat' dir='ltr'>etquid</span> <span class='ocrx_word' id='word_1_65' title='bbox 1270 1004 1296 1058; x_wconf 92' lang='lat' dir='ltr'>in</span> <span class='ocrx_word' id='word_1_66' title='bbox 1312 1018 1341 1058; x_wconf 90' lang='lat' dir='ltr'>se</span> <span class='ocrx_word' id='word_1_67' title='bbox 1354 1002 1493 1073; x_wconf 88' lang='lat' dir='ltr'>proprium</span> <span class='ocrx_word' id='word_1_68' title='bbox 1507 1000 1599 1057; x_wconf 85' lang='lat' dir='ltr'>habet.</span> <span class='ocrx_word' id='word_1_69' title='bbox 1621 1000 1650 1055; x_wconf 90' lang='lat' dir='ltr'>ln</span> <span class='ocrx_word' id='word_1_70' title='bbox 1666 1000 1725 1071; x_wconf 88' lang='lat' dir='ltr'>ipso</span> <span class='ocrx_word' id='word_1_71' title='bbox 1739 1000 1811 1057; x_wconf 91' lang='lat' dir='ltr'>enim</span> <span class='ocrx_word' id='word_1_72' title='bbox 1825 1000 1945 1072; x_wconf 74' lang='lat' dir='ltr'>gentium</span> 
     </span>
    </p>
   </div>
   <div class='ocr_carea' id='block_1_6' title="bbox 304 1091 1947 2084">
    <p class='ocr_par' dir='ltr' id='par_1_6' title="bbox 304 1091 1943 1164">
     <span class='ocr_line' id='line_1_10' title="bbox 304 1091 1943 1164; baseline -0.007 -8"><span class='ocrx_word' id='word_1_73' title='bbox 304 1108 363 1156; x_wconf 79' lang='lat' dir='ltr'>cte·</span> <span class='ocrx_word' id='word_1_74' title='bbox 1152 1097 1258 1152; x_wconf 78' lang='lat' dir='ltr'>vocatio</span> <span class='ocrx_word' id='word_1_75' title='bbox 1282 1111 1335 1150; x_wconf 92' lang='lat' dir='ltr'>non</span> <span class='ocrx_word' id='word_1_76' title='bbox 1351 1094 1491 1164; x_wconf 69' lang='lat' dir='ltr'>praelicari</span> <span class='ocrx_word' id='word_1_77' title='bbox 1504 1093 1602 1158; x_wconf 84' lang='lat' dir='ltr'>solum,</span> <span class='ocrx_word' id='word_1_78' title='bbox 1618 1092 1706 1148; x_wconf 90' lang='lat' dir='ltr'>sedet</span> <span class='ocrx_word' id='word_1_79' title='bbox 1721 1092 1828 1163; x_wconf 88' lang='lat' dir='ltr'>operari</span> <span class='ocrx_word' id='word_1_80' title='bbox 1847 1091 1943 1161; x_wconf 83' lang='lat' dir='ltr'>empit,</span> 
     </span>
    </p>

    <p class='ocr_par' dir='ltr' id='par_1_7' title="bbox 304 1184 1947 2084">
     <span class='ocr_line' id='line_1_11' title="bbox 343 1184 1944 1260; baseline -0.005 -13"><span class='ocrx_word' id='word_1_81' title='bbox 343 1190 456 1247; x_wconf 79' lang='lat' dir='ltr'>Terram</span> <span class='ocrx_word' id='word_1_82' title='bbox 472 1205 488 1244; x_wconf 83' lang='lat' dir='ltr'>a</span> <span class='ocrx_word' id='word_1_83' title='bbox 505 1189 619 1245; x_wconf 86' lang='lat' dir='ltr'>Domino</span> <span class='ocrx_word' id='word_1_84' title='bbox 641 1188 733 1244; x_wconf 71' lang='lat' dir='ltr'>dnum</span> <span class='ocrx_word' id='word_1_85' title='bbox 748 1189 932 1260; x_wconf 79' lang='lat' dir='ltr'>evangelicam</span> <span class='ocrx_word' id='word_1_86' title='bbox 948 1188 1100 1243; x_wconf 87' lang='lat' dir='ltr'>doctrinam</span> <span class='ocrx_word' id='word_1_87' title='bbox 1152 1190 1261 1259; x_wconf 87' lang='lat' dir='ltr'>quando</span> <span class='ocrx_word' id='word_1_88' title='bbox 1284 1187 1389 1252; x_wconf 80' lang='lat' dir='ltr'>Parthi,</span> <span class='ocrx_word' id='word_1_89' title='bbox 1409 1196 1438 1241; x_wconf 89' lang='lat' dir='ltr'>et</span> <span class='ocrx_word' id='word_1_90' title='bbox 1455 1186 1536 1250; x_wconf 85' lang='lat' dir='ltr'>bledi,</span> <span class='ocrx_word' id='word_1_91' title='bbox 1561 1194 1590 1240; x_wconf 86' lang='lat' dir='ltr'>et</span> <span class='ocrx_word' id='word_1_92' title='bbox 1607 1185 1741 1250; x_wconf 72' lang='lat' dir='ltr'>Etamitae,</span> <span class='ocrx_word' id='word_1_93' title='bbox 1758 1185 1846 1254; x_wconf 88' lang='lat' dir='ltr'>etqui</span> <span class='ocrx_word' id='word_1_94' title='bbox 1866 1184 1944 1240; x_wconf 88' lang='lat' dir='ltr'>habl-</span> 
     </span>
     <span class='ocr_line' id='line_1_12' title="bbox 304 1278 1945 1351; baseline -0.002 -15"><span class='ocrx_word' id='word_1_95' title='bbox 304 1292 336 1339; x_wconf 86' lang='lat' dir='ltr'>et</span> <span class='ocrx_word' id='word_1_96' title='bbox 348 1281 584 1338; x_wconf 69' lang='lat' dir='ltr'>conversationem</span> <span class='ocrx_word' id='word_1_97' title='bbox 607 1280 763 1351; x_wconf 90' lang='lat' dir='ltr'>lreqnenter</span> <span class='ocrx_word' id='word_1_98' title='bbox 775 1280 935 1336; x_wconf 81' lang='lat' dir='ltr'>docuimus:</span> <span class='ocrx_word' id='word_1_99' title='bbox 952 1280 1010 1350; x_wconf 85' lang='lat' dir='ltr'>ipsa</span> <span class='ocrx_word' id='word_1_100' title='bbox 1029 1279 1101 1334; x_wconf 78' lang='lat' dir='ltr'>etaim</span> <span class='ocrx_word' id='word_1_101' title='bbox 1153 1284 1247 1338; x_wconf 85' lang='lat' dir='ltr'>tabam</span> <span class='ocrx_word' id='word_1_102' title='bbox 1259 1280 1491 1349; x_wconf 77' lang='lat' dir='ltr'><strong>Mesopotamiam,</strong></span> <span class='ocrx_word' id='word_1_103' title='bbox 1504 1278 1624 1334; x_wconf 78' lang='lat' dir='ltr'>Judaeam</span> <span class='ocrx_word' id='word_1_104' title='bbox 1637 1287 1665 1333; x_wconf 92' lang='lat' dir='ltr'>et</span> <span class='ocrx_word' id='word_1_105' title='bbox 1675 1278 1871 1350; x_wconf 80' lang='lat' dir='ltr'>Pamphyliam,</span> <span class='ocrx_word' id='word_1_106' title='bbox 1884 1294 1945 1333; x_wconf 85' lang='lat' dir='ltr'>orn·</span> 
     </span>
     <span class='ocr_line' id='line_1_13' title="bbox 306 1369 1946 1447; baseline -0.007 -12"><span class='ocrx_word' id='word_1_107' title='bbox 306 1388 381 1435; x_wconf 83' lang='lat' dir='ltr'>terra</span> <span class='ocrx_word' id='word_1_108' title='bbox 407 1376 509 1434; x_wconf 87' lang='lat' dir='ltr'>dicitur</span> <span class='ocrx_word' id='word_1_109' title='bbox 532 1383 644 1447; x_wconf 89' lang='lat' dir='ltr'>propter</span> <span class='ocrx_word' id='word_1_110' title='bbox 667 1375 772 1431; x_wconf 79' lang='lat' dir='ltr'>tructus</span> <span class='ocrx_word' id='word_1_111' title='bbox 802 1375 1006 1444; x_wconf 79' lang='lat' dir='ltr'>virtutumque</span> <span class='ocrx_word' id='word_1_112' title='bbox 1021 1389 1055 1428; x_wconf 84' lang='lat' dir='ltr'>ex</span> <span class='ocrx_word' id='word_1_113' title='bbox 1069 1388 1101 1428; x_wconf 88' lang='lat' dir='ltr'>ea</span> <span class='ocrx_word' id='word_1_114' title='bbox 1153 1389 1256 1443; x_wconf 83' lang='lat' dir='ltr'>aesque</span> <span class='ocrx_word' id='word_1_115' title='bbox 1272 1372 1382 1441; x_wconf 79' lang='lat' dir='ltr'>reliqum</span> <span class='ocrx_word' id='word_1_116' title='bbox 1396 1378 1491 1442; x_wconf 80' lang='lat' dir='ltr'>gentes</span> <span class='ocrx_word' id='word_1_117' title='bbox 1505 1386 1574 1440; x_wconf 86' lang='lat' dir='ltr'>qaas</span> <span class='ocrx_word' id='word_1_118' title='bbox 1591 1370 1677 1425; x_wconf 82' lang='lat' dir='ltr'>Lucas</span> <span class='ocrx_word' id='word_1_119' title='bbox 1689 1369 1880 1431; x_wconf 75' lang='lat' dir='ltr'><strong>dinumeravit,</strong></span> <span class='ocrx_word' id='word_1_120' title='bbox 1895 1383 1946 1423; x_wconf 85' lang='lat' dir='ltr'>ao·</span> 
     </span>
     <span class='ocr_line' id='line_1_14' title="bbox 304 1459 1946 1537; baseline -0.006 -13"><span class='ocrx_word' id='word_1_121' title='bbox 304 1468 444 1532; x_wconf 88' lang='lat' dir='ltr'>oriuntur,</span> <span class='ocrx_word' id='word_1_122' title='bbox 458 1468 492 1522; x_wconf 87' lang='lat' dir='ltr'>ab</span> <span class='ocrx_word' id='word_1_123' title='bbox 505 1468 564 1537; x_wconf 89' lang='lat' dir='ltr'>ipso</span> <span class='ocrx_word' id='word_1_124' title='bbox 590 1465 828 1531; x_wconf 79' lang='lat' dir='ltr'>autemdataest3</span> <span class='ocrx_word' id='word_1_125' title='bbox 844 1465 1018 1535; x_wconf 88' lang='lat' dir='ltr'>nequeenim</span> <span class='ocrx_word' id='word_1_126' title='bbox 1041 1478 1102 1518; x_wconf 91' lang='lat' dir='ltr'>me-</span> <span class='ocrx_word' id='word_1_127' title='bbox 1153 1465 1211 1521; x_wconf 89' lang='lat' dir='ltr'>dire</span> <span class='ocrx_word' id='word_1_128' title='bbox 1235 1463 1379 1536; x_wconf 73' lang='lat' dir='ltr'>Apostolos</span> <span class='ocrx_word' id='word_1_129' title='bbox 1396 1462 1495 1532; x_wconf 76' lang='lat' dir='ltr'>linquis</span> <span class='ocrx_word' id='word_1_130' title='bbox 1512 1461 1568 1516; x_wconf 92' lang='lat' dir='ltr'>sais</span> <span class='ocrx_word' id='word_1_131' title='bbox 1591 1459 1725 1532; x_wconf 74' lang='lat' dir='ltr'>magnalia</span> <span class='ocrx_word' id='word_1_132' title='bbox 1743 1460 1790 1515; x_wconf 87' lang='lat' dir='ltr'>Dei</span> <span class='ocrx_word' id='word_1_133' title='bbox 1806 1459 1946 1529; x_wconf 89' lang='lat' dir='ltr'>loquentes</span> 
     </span>
     <span class='ocr_line' id='line_1_15' title="bbox 306 1552 1947 1627; baseline -0.003 -13"><span class='ocrx_word' id='word_1_134' title='bbox 306 1558 415 1614; x_wconf 82' lang='lat' dir='ltr'>distare</span> <span class='ocrx_word' id='word_1_135' title='bbox 428 1555 463 1611; x_wconf 84' lang='lat' dir='ltr'>ad</span> <span class='ocrx_word' id='word_1_136' title='bbox 478 1557 549 1611; x_wconf 88' lang='lat' dir='ltr'>banc</span> <span class='ocrx_word' id='word_1_137' title='bbox 572 1571 637 1610; x_wconf 88' lang='lat' dir='ltr'>usus</span> <span class='ocrx_word' id='word_1_138' title='bbox 659 1564 712 1622; x_wconf 90' lang='lat' dir='ltr'>est,</span> <span class='ocrx_word' id='word_1_139' title='bbox 724 1555 772 1612; x_wconf 87' lang='lat' dir='ltr'>sed</span> <span class='ocrx_word' id='word_1_140' title='bbox 786 1557 897 1627; x_wconf 81' lang='lat' dir='ltr'>proprio</span> <span class='ocrx_word' id='word_1_141' title='bbox 922 1570 982 1611; x_wconf 84' lang='lat' dir='ltr'>eum</span> <span class='ocrx_word' id='word_1_142' title='bbox 995 1570 1101 1609; x_wconf 88' lang='lat' dir='ltr'>annua·</span> <span class='ocrx_word' id='word_1_143' title='bbox 1152 1557 1384 1627; x_wconf 66' lang='lat' dir='ltr'>praedicantesque</span> <span class='ocrx_word' id='word_1_144' title='bbox 1399 1562 1550 1625; x_wconf 73' lang='lat' dir='ltr'>caeperunt.</span> <span class='ocrx_word' id='word_1_145' title='bbox 1565 1552 1672 1608; x_wconf 88' lang='lat' dir='ltr'>Nullam</span> <span class='ocrx_word' id='word_1_146' title='bbox 1686 1568 1751 1625; x_wconf 76' lang='lat' dir='ltr'>ergo</span> <span class='ocrx_word' id='word_1_147' title='bbox 1764 1568 1832 1623; x_wconf 91' lang='lat' dir='ltr'>npus</span> <span class='ocrx_word' id='word_1_148' title='bbox 1848 1553 1947 1609; x_wconf 84' lang='lat' dir='ltr'>servits</span> 
     </span>
     <span class='ocr_line' id='line_1_16' title="bbox 306 1643 1945 1717; baseline -0.003 -14"><span class='ocrx_word' id='word_1_149' title='bbox 306 1648 386 1704; x_wconf 85' lang='lat' dir='ltr'>tisuit</span> <span class='ocrx_word' id='word_1_150' title='bbox 399 1662 458 1703; x_wconf 90' lang='lat' dir='ltr'>ore.</span> <span class='ocrx_word' id='word_1_151' title='bbox 473 1643 586 1715; x_wconf 80' lang='lat' dir='ltr'><strong>Quando</strong></span> <span class='ocrx_word' id='word_1_152' title='bbox 598 1661 664 1717; x_wconf 75' lang='lat' dir='ltr'>ergo</span> <span class='ocrx_word' id='word_1_153' title='bbox 677 1646 792 1717; x_wconf 81' lang='lat' dir='ltr'>ingressi</span> <span class='ocrx_word' id='word_1_154' title='bbox 816 1654 880 1702; x_wconf 82' lang='lat' dir='ltr'>sunu</span> <span class='ocrx_word' id='word_1_155' title='bbox 892 1655 920 1701; x_wconf 90' lang='lat' dir='ltr'>et</span> <span class='ocrx_word' id='word_1_156' title='bbox 931 1652 1103 1701; x_wconf 84' lang='lat' dir='ltr'>anessuerunt</span> <span class='ocrx_word' id='word_1_157' title='bbox 1153 1649 1180 1704; x_wconf 93' lang='lat' dir='ltr'>iu</span> <span class='ocrx_word' id='word_1_158' title='bbox 1194 1649 1239 1703; x_wconf 93' lang='lat' dir='ltr'>illo</span> <span class='ocrx_word' id='word_1_159' title='bbox 1258 1648 1302 1702; x_wconf 88' lang='lat' dir='ltr'>die</span> <span class='ocrx_word' id='word_1_160' title='bbox 1316 1647 1458 1712; x_wconf 76' lang='lat' dir='ltr'>diciamus,</span> <span class='ocrx_word' id='word_1_161' title='bbox 1477 1645 1504 1700; x_wconf 93' lang='lat' dir='ltr'>id</span> <span class='ocrx_word' id='word_1_162' title='bbox 1519 1654 1571 1711; x_wconf 89' lang='grc' dir='ltr'>εει,</span> <span class='ocrx_word' id='word_1_163' title='bbox 1585 1646 1657 1715; x_wconf 91' lang='lat' dir='ltr'>quod</span> <span class='ocrx_word' id='word_1_164' title='bbox 1670 1644 1704 1700; x_wconf 87' lang='lat' dir='ltr'>ad</span> <span class='ocrx_word' id='word_1_165' title='bbox 1717 1646 1875 1700; x_wconf 81' lang='lat' dir='ltr'>seruitutem</span> <span class='ocrx_word' id='word_1_166' title='bbox 1887 1660 1945 1715; x_wconf 86' lang='lat' dir='ltr'>per·</span> 
     </span>
     <span class='ocr_line' id='line_1_17' title="bbox 307 1735 1943 1810; baseline -0.003 -16"><span class='ocrx_word' id='word_1_167' title='bbox 307 1738 488 1810; x_wconf 75' lang='lat' dir='ltr'>segetesejas</span> <span class='ocrx_word' id='word_1_168' title='bbox 511 1739 539 1794; x_wconf 89' lang='lat' dir='ltr'>bi</span> <span class='ocrx_word' id='word_1_169' title='bbox 562 1738 608 1807; x_wconf 92' lang='lat' dir='ltr'>qui</span> <span class='ocrx_word' id='word_1_170' title='bbox 633 1747 812 1807; x_wconf 85' lang='lat' dir='ltr'>susceperunt</span> <span class='ocrx_word' id='word_1_171' title='bbox 839 1737 956 1794; x_wconf 73' lang='lat' dir='ltr'>saltitare</span> <span class='ocrx_word' id='word_1_172' title='bbox 978 1737 1100 1792; x_wconf 80' lang='lat' dir='ltr'>uerbum.</span> <span class='ocrx_word' id='word_1_173' title='bbox 1153 1742 1232 1807; x_wconf 89' lang='lat' dir='ltr'>tinet,</span> <span class='ocrx_word' id='word_1_174' title='bbox 1250 1741 1297 1795; x_wconf 89' lang='lat' dir='ltr'>sed</span> <span class='ocrx_word' id='word_1_175' title='bbox 1326 1738 1475 1810; x_wconf 75' lang='lat' dir='ltr'>legitimum</span> <span class='ocrx_word' id='word_1_176' title='bbox 1501 1737 1696 1807; x_wconf 87' lang='lat' dir='ltr'>sempiternam</span> <span class='ocrx_word' id='word_1_177' title='bbox 1723 1736 1751 1792; x_wconf 92' lang='lat' dir='ltr'>in</span> <span class='ocrx_word' id='word_1_178' title='bbox 1778 1735 1943 1791; x_wconf 87' lang='lat' dir='ltr'>eunetisha-</span> 
     </span>
     <span class='ocr_line' id='line_1_18' title="bbox 307 1825 1946 1913; baseline -0.008 -20"><span class='ocrx_word' id='word_1_179' title='bbox 307 1826 433 1883; x_wconf 67' lang='lat' dir='ltr'>lffittfliffl</span> <span class='ocrx_word' id='word_1_180' title='bbox 447 1836 512 1884; x_wconf 73' lang='lat'>8⁰⁰²</span> <span class='ocrx_word' id='word_1_181' title='bbox 536 1837 564 1883; x_wconf 71' lang='grc' dir='ltr'>θῑ</span> <span class='ocrx_word' id='word_1_182' title='bbox 578 1841 713 1883; x_wconf 65' lang='grc' dir='ltr'>ῐῐιθὸθθιθὸ</span> <span class='ocrx_word' id='word_1_183' title='bbox 738 1827 916 1913; x_wconf 63' lang='lat' dir='ltr'>intelligibilis</span> <span class='ocrx_word' id='word_1_184' title='bbox 941 1827 1052 1899; x_wconf 55' lang='lat' dir='ltr'>sedilis,</span> <span class='ocrx_word' id='word_1_185' title='bbox 1067 1827 1103 1882; x_wconf 91' lang='lat' dir='ltr'>ad</span> <span class='ocrx_word' id='word_1_186' title='bbox 1152 1831 1318 1890; x_wconf 89' lang='lat' dir='ltr'>bitacaliset</span> <span class='ocrx_word' id='word_1_187' title='bbox 1334 1828 1557 1902; x_wconf 71' lang='lat' dir='ltr'>generationibus</span> <span class='ocrx_word' id='word_1_188' title='bbox 1583 1828 1685 1884; x_wconf 88' lang='lat' dir='ltr'>nostris</span> <span class='ocrx_word' id='word_1_189' title='bbox 1712 1842 1862 1891; x_wconf 82' lang='lat' dir='ltr'>servemus,</span> <span class='ocrx_word' id='word_1_190' title='bbox 1878 1825 1946 1880; x_wconf 88' lang='lat' dir='ltr'>nibil</span> 
     </span>
     <span class='ocr_line' id='line_1_19' title="bbox 309 1916 1945 1992; baseline -0.007 -11"><span class='ocrx_word' id='word_1_191' title='bbox 309 1934 378 1991; x_wconf 83' lang='lat' dir='ltr'>qnos</span> <span class='ocrx_word' id='word_1_192' title='bbox 392 1918 523 1977; x_wconf 75' lang='lat' dir='ltr'>Dominus</span> <span class='ocrx_word' id='word_1_193' title='bbox 545 1919 673 1974; x_wconf 78' lang='lat' dir='ltr'>dtoehas:</span> <span class='ocrx_word' id='word_1_194' title='bbox 690 1917 784 1973; x_wconf 74' lang='lat' dir='ltr'>iteam</span> <span class='ocrx_word' id='word_1_195' title='bbox 805 1917 910 1989; x_wconf 75' lang='lat' dir='ltr'>quidem</span> <span class='ocrx_word' id='word_1_196' title='bbox 930 1917 1024 1984; x_wconf 70' lang='lat' dir='ltr'>insutu,</span> <span class='ocrx_word' id='word_1_197' title='bbox 1042 1934 1103 1987; x_wconf 78' lang='lat' dir='ltr'>ope·</span> <span class='ocrx_word' id='word_1_198' title='bbox 1153 1923 1251 1980; x_wconf 75' lang='lat' dir='ltr'>servite</span> <span class='ocrx_word' id='word_1_199' title='bbox 1268 1922 1434 1992; x_wconf 75' lang='lat' dir='ltr'>operandam</span> <span class='ocrx_word' id='word_1_200' title='bbox 1446 1920 1473 1974; x_wconf 85' lang='lat' dir='ltr'>in</span> <span class='ocrx_word' id='word_1_201' title='bbox 1486 1929 1608 1990; x_wconf 83' lang='lat' dir='ltr'>tempore</span> <span class='ocrx_word' id='word_1_202' title='bbox 1622 1934 1676 1990; x_wconf 74' lang='lat' dir='ltr'>quan</span> <span class='ocrx_word' id='word_1_203' title='bbox 1689 1919 1724 1974; x_wconf 82' lang='lat' dir='ltr'>ad</span> <span class='ocrx_word' id='word_1_204' title='bbox 1735 1933 1785 1974; x_wconf 87' lang='lat' dir='ltr'>nos</span> <span class='ocrx_word' id='word_1_205' title='bbox 1797 1918 1871 1973; x_wconf 81' lang='lat' dir='ltr'>renis</span> <span class='ocrx_word' id='word_1_206' title='bbox 1882 1916 1945 1988; x_wconf 82' lang='lat' dir='ltr'>Spi-</span> 
     </span>
     <span class='ocr_line' id='line_1_20' title="bbox 311 2008 1946 2084; baseline -0.002 -19"><span class='ocrx_word' id='word_1_207' title='bbox 311 2013 375 2067; x_wconf 87' lang='lat' dir='ltr'>rsss&#39;i</span> <span class='ocrx_word' id='word_1_208' title='bbox 388 2021 478 2066; x_wconf 82' lang='lat' dir='ltr'>ustesu</span> <span class='ocrx_word' id='word_1_209' title='bbox 498 2012 586 2081; x_wconf 85' lang='lat' dir='ltr'>pauci.</span> <span class='ocrx_word' id='word_1_210' title='bbox 601 2010 701 2082; x_wconf 84' lang='lat' dir='ltr'>liopute</span> <span class='ocrx_word' id='word_1_211' title='bbox 722 2027 783 2082; x_wconf 80' lang='lat' dir='ltr'>erpo</span> <span class='ocrx_word' id='word_1_212' title='bbox 809 2010 950 2064; x_wconf 80' lang='lat' dir='ltr'>llonsinum</span> <span class='ocrx_word' id='word_1_213' title='bbox 965 2010 1054 2064; x_wconf 74' lang='lat' dir='ltr'>mettis</span> <span class='ocrx_word' id='word_1_214' title='bbox 1075 2019 1102 2062; x_wconf 90' lang='lat' dir='ltr'>at</span> <span class='ocrx_word' id='word_1_215' title='bbox 1154 2016 1232 2080; x_wconf 91' lang='lat' dir='ltr'>ritus,</span> <span class='ocrx_word' id='word_1_216' title='bbox 1247 2014 1310 2084; x_wconf 91' lang='lat' dir='ltr'>quia</span> <span class='ocrx_word' id='word_1_217' title='bbox 1325 2012 1369 2067; x_wconf 91' lang='lat' dir='ltr'>ubi</span> <span class='ocrx_word' id='word_1_218' title='bbox 1386 2011 1630 2082; x_wconf 79' lang='lat' dir='ltr'>Spiritusliomini,</span> <span class='ocrx_word' id='word_1_219' title='bbox 1644 2010 1681 2064; x_wconf 92' lang='lat' dir='ltr'>ibi</span> <span class='ocrx_word' id='word_1_220' title='bbox 1693 2009 1817 2075; x_wconf 87' lang='lat' dir='ltr'>libertas,</span> <span class='ocrx_word' id='word_1_221' title='bbox 1831 2008 1874 2064; x_wconf 90' lang='lat' dir='ltr'>eui</span> <span class='ocrx_word' id='word_1_222' title='bbox 1884 2023 1946 2064; x_wconf 89' lang='lat' dir='ltr'>eum</span> 
     </span>
    </p>
   </div>
   <div class='ocr_carea' id='block_1_7' title="bbox 312 2090 2040 2174">
    <p class='ocr_par' dir='ltr' id='par_1_8' title="bbox 312 2090 2040 2174">
     <span class='ocr_line' id='line_1_21' title="bbox 312 2090 2040 2174; baseline -0.002 -16"><span class='ocrx_word' id='word_1_223' title='bbox 312 2105 396 2158; x_wconf 83' lang='lat' dir='ltr'>ssittat</span> <span class='ocrx_word' id='word_1_224' title='bbox 406 2103 542 2174; x_wconf 68' lang='lat' dir='ltr'>meranda</span> <span class='ocrx_word' id='word_1_225' title='bbox 556 2104 583 2157; x_wconf 87' lang='lat' dir='ltr'>in</span> <span class='ocrx_word' id='word_1_226' title='bbox 602 2118 711 2156; x_wconf 82' lang='lat' dir='ltr'>nsesscsn</span> <span class='ocrx_word' id='word_1_227' title='bbox 725 2118 811 2157; x_wconf 83' lang='lat' dir='ltr'>suam.</span> <span class='ocrx_word' id='word_1_228' title='bbox 828 2101 993 2172; x_wconf 85' lang='lat' dir='ltr'>llanipolum</span> <span class='ocrx_word' id='word_1_229' title='bbox 1009 2110 1101 2156; x_wconf 87' lang='lat' dir='ltr'>autem</span> <span class='ocrx_word' id='word_1_230' title='bbox 1116 2090 1140 2149; x_wconf 79' lang='grc' dir='ltr'><strong>Β</strong></span> <span class='ocrx_word' id='word_1_231' title='bbox 1153 2106 1243 2168; x_wconf 86' lang='lat' dir='ltr'>Patre,</span> <span class='ocrx_word' id='word_1_232' title='bbox 1260 2112 1288 2159; x_wconf 91' lang='lat' dir='ltr'>et</span> <span class='ocrx_word' id='word_1_233' title='bbox 1301 2103 1370 2158; x_wconf 79' lang='lat' dir='ltr'>Fido</span> <span class='ocrx_word' id='word_1_234' title='bbox 1383 2103 1452 2167; x_wconf 88' lang='lat' dir='ltr'>laus,</span> <span class='ocrx_word' id='word_1_235' title='bbox 1466 2101 1594 2158; x_wconf 89' lang='lat' dir='ltr'>honoret</span> <span class='ocrx_word' id='word_1_236' title='bbox 1607 2101 1691 2172; x_wconf 78' lang='lat' dir='ltr'>gloria</span> <span class='ocrx_word' id='word_1_237' title='bbox 1707 2100 1885 2172; x_wconf 85' lang='lat' dir='ltr'>permanetin</span> <span class='ocrx_word' id='word_1_238' title='bbox 1897 2114 1948 2155; x_wconf 80' lang='lat' dir='ltr'>sas-</span> <span class='ocrx_word' id='word_1_239' title='bbox 2037 2131 2040 2138; x_wconf 94' lang='lat'>·</span> 
     </span>
    </p>
   </div>
   <div class='ocr_carea' id='block_1_8' title="bbox 314 2192 1511 2265">
    <p class='ocr_par' dir='ltr' id='par_1_9' title="bbox 314 2192 1511 2265">
     <span class='ocr_line' id='line_1_22' title="bbox 314 2192 1511 2265; baseline -0.002 -16"><span class='ocrx_word' id='word_1_240' title='bbox 314 2194 491 2265; x_wconf 76' lang='lat' dir='ltr'>primitiarum</span> <span class='ocrx_word' id='word_1_241' title='bbox 506 2192 683 2265; x_wconf 82' lang='lat' dir='ltr'>intelligibilis</span> <span class='ocrx_word' id='word_1_242' title='bbox 705 2192 838 2248; x_wconf 84' lang='lat' dir='ltr'>Sacerdos</span> <span class='ocrx_word' id='word_1_243' title='bbox 849 2192 985 2258; x_wconf 84' lang='lat' dir='ltr'>Christus,</span> <span class='ocrx_word' id='word_1_244' title='bbox 1003 2207 1104 2262; x_wconf 80' lang='lat' dir='ltr'>corpus</span> <span class='ocrx_word' id='word_1_245' title='bbox 1154 2198 1213 2252; x_wconf 87' lang='lat' dir='ltr'>cula</span> <span class='ocrx_word' id='word_1_246' title='bbox 1227 2195 1398 2252; x_wconf 75' lang='lat' dir='ltr'>sacculorum.</span> <span class='ocrx_word' id='word_1_247' title='bbox 1414 2194 1511 2249; x_wconf 79' lang='lat' dir='ltr'>Amen.</span> 
     </span>
    </p>
   </div>
   <div class='ocr_carea' id='block_1_9' title="bbox 315 2282 1104 2534">
    <p class='ocr_par' dir='ltr' id='par_1_10' title="bbox 315 2282 1104 2534">
     <span class='ocr_line' id='line_1_23' title="bbox 315 2282 1104 2357; baseline -0.004 -17"><span class='ocrx_word' id='word_1_248' title='bbox 315 2284 447 2357; x_wconf 87' lang='lat' dir='ltr'>proprium</span> <span class='ocrx_word' id='word_1_249' title='bbox 461 2282 603 2341; x_wconf 85' lang='lat' dir='ltr'>ollerehat.</span> <span class='ocrx_word' id='word_1_250' title='bbox 620 2284 688 2353; x_wconf 81' lang='lat' dir='ltr'>Quia</span> <span class='ocrx_word' id='word_1_251' title='bbox 704 2285 777 2339; x_wconf 88' lang='lat' dir='ltr'>enirn</span> <span class='ocrx_word' id='word_1_252' title='bbox 799 2282 946 2355; x_wconf 89' lang='lat' dir='ltr'>capitatam</span> <span class='ocrx_word' id='word_1_253' title='bbox 961 2285 1019 2338; x_wconf 88' lang='lat' dir='ltr'>sive</span> <span class='ocrx_word' id='word_1_254' title='bbox 1032 2298 1104 2339; x_wconf 80' lang='lat' dir='ltr'>saar-</span> 
     </span>
     <span class='ocr_line' id='line_1_24' title="bbox 318 2376 1104 2447; baseline -0.004 -13"><span class='ocrx_word' id='word_1_255' title='bbox 318 2391 355 2434; x_wconf 79' lang='lat' dir='ltr'>un</span> <span class='ocrx_word' id='word_1_256' title='bbox 364 2377 473 2441; x_wconf 87' lang='lat' dir='ltr'>messis,</span> <span class='ocrx_word' id='word_1_257' title='bbox 484 2376 559 2432; x_wconf 84' lang='lat' dir='ltr'>verbi</span> <span class='ocrx_word' id='word_1_258' title='bbox 577 2376 702 2433; x_wconf 82' lang='lat' dir='ltr'>uidelicet</span> <span class='ocrx_word' id='word_1_259' title='bbox 716 2376 864 2432; x_wconf 77' lang='lat' dir='ltr'>Salsamris</span> <span class='ocrx_word' id='word_1_260' title='bbox 877 2386 905 2432; x_wconf 91' lang='lat' dir='ltr'>et</span> <span class='ocrx_word' id='word_1_261' title='bbox 917 2377 1014 2432; x_wconf 77' lang='lat' dir='ltr'>diuinae</span> <span class='ocrx_word' id='word_1_262' title='bbox 1034 2391 1104 2447; x_wconf 85' lang='lat' dir='ltr'>prae-</span> 
     </span>
     <span class='ocr_line' id='line_1_25' title="bbox 317 2466 1104 2534; baseline -0.003 -11"><span class='ocrx_word' id='word_1_263' title='bbox 317 2466 455 2523; x_wconf 79' lang='lat' dir='ltr'>limtionis</span> <span class='ocrx_word' id='word_1_264' title='bbox 469 2476 638 2522; x_wconf 90' lang='lat' dir='ltr'>mortuorum</span> <span class='ocrx_word' id='word_1_265' title='bbox 651 2475 713 2523; x_wconf 87' lang='lat' dir='ltr'>erat</span> <span class='ocrx_word' id='word_1_266' title='bbox 727 2468 902 2534; x_wconf 86' lang='lat' dir='ltr'>resurreetio,</span> <span class='ocrx_word' id='word_1_267' title='bbox 916 2483 999 2523; x_wconf 84' lang='lat' dir='ltr'>serus</span> <span class='ocrx_word' id='word_1_268' title='bbox 1018 2466 1104 2521; x_wconf 90' lang='lat' dir='ltr'>mani-</span> 
     </span>
    </p>
   </div>
   <div class='ocr_carea' id='block_1_10' title="bbox 1435 2282 1649 2341">
    <p class='ocr_par' dir='ltr' id='par_1_11' title="bbox 1435 2282 1649 2341">
     <span class='ocr_line' id='line_1_26' title="bbox 1435 2282 1649 2341; baseline -0.009 0"><span class='ocrx_word' id='word_1_269' title='bbox 1435 2282 1577 2341; x_wconf 79' lang='lat' dir='ltr'>holtttth</span> <span class='ocrx_word' id='word_1_270' title='bbox 1593 2282 1649 2339; x_wconf 77' lang='lat' dir='ltr'>XC.</span> 
     </span>
    </p>
   </div>
   <div class='ocr_carea' id='block_1_11' title="bbox 1349 2391 1745 2527">
    <p class='ocr_par' dir='ltr' id='par_1_12' title="bbox 1349 2391 1745 2527">
     <span class='ocr_line' id='line_1_27' title="bbox 1426 2391 1664 2435; baseline -0.021 -2"><span class='ocrx_word' id='word_1_271' title='bbox 1426 2393 1453 2433; x_wconf 79' lang='lat' dir='ltr'>sa·</span> <span class='ocrx_word' id='word_1_272' title='bbox 1465 2392 1554 2435; x_wconf 81' lang='lat' dir='ltr'>consu</span> <span class='ocrx_word' id='word_1_273' title='bbox 1570 2391 1664 2432; x_wconf 82' lang='lat' dir='ltr'>resno.</span> 
     </span>
     <span class='ocr_line' id='line_1_28' title="bbox 1349 2466 1745 2527; baseline -0.015 -1"><span class='ocrx_word' id='word_1_274' title='bbox 1349 2470 1441 2527; x_wconf 83' lang='lat' dir='ltr'>Lectio</span> <span class='ocrx_word' id='word_1_275' title='bbox 1457 2469 1518 2524; x_wconf 85' lang='lat' dir='ltr'>iibri</span> <span class='ocrx_word' id='word_1_276' title='bbox 1532 2466 1745 2524; x_wconf 83' lang='lat' dir='ltr'>Deuterononsii.</span> 
     </span>
    </p>
   </div>
   <div class='ocr_carea' id='block_1_12' title="bbox 319 2556 1949 3453">
    <p class='ocr_par' dir='ltr' id='par_1_13' title="bbox 319 2556 1949 3181">
     <span class='ocr_line' id='line_1_29' title="bbox 320 2556 1948 2632; baseline -0.002 -18"><span class='ocrx_word' id='word_1_277' title='bbox 320 2559 426 2630; x_wconf 87' lang='lat' dir='ltr'>psluset</span> <span class='ocrx_word' id='word_1_278' title='bbox 441 2559 652 2631; x_wconf 77' lang='lat' dir='ltr'>veraprtndsta</span> <span class='ocrx_word' id='word_1_279' title='bbox 670 2568 770 2615; x_wconf 77' lang='lat' dir='ltr'>nostrae</span> <span class='ocrx_word' id='word_1_280' title='bbox 783 2560 880 2616; x_wconf 89' lang='lat' dir='ltr'>messis</span> <span class='ocrx_word' id='word_1_281' title='bbox 895 2568 960 2615; x_wconf 91' lang='lat' dir='ltr'>tune</span> <span class='ocrx_word' id='word_1_282' title='bbox 976 2557 1104 2628; x_wconf 72' lang='lat' dir='ltr'>intelligi·</span> <span class='ocrx_word' id='word_1_283' title='bbox 1189 2564 1223 2619; x_wconf 70' lang='grc' dir='ltr'>1η</span> <span class='ocrx_word' id='word_1_284' title='bbox 1244 2563 1335 2618; x_wconf 71' lang='lat' dir='ltr'>dietas</span> <span class='ocrx_word' id='word_1_285' title='bbox 1353 2561 1407 2616; x_wconf 72' lang='lat' dir='ltr'>illis</span> <span class='ocrx_word' id='word_1_286' title='bbox 1425 2561 1492 2616; x_wconf 69' lang='lat' dir='ltr'>dicis</span> <span class='ocrx_word' id='word_1_287' title='bbox 1518 2558 1738 2632; x_wconf 77' lang='lat' dir='ltr'>ltopmsdudi,</span> <span class='ocrx_word' id='word_1_288' title='bbox 1767 2556 1863 2625; x_wconf 80' lang='lat' dir='ltr'>lsrael,</span> <span class='ocrx_word' id='word_1_289' title='bbox 1889 2573 1948 2627; x_wconf 78' lang='lat' dir='ltr'>qun</span> 
     </span>
     <span class='ocr_line' id='line_1_30' title="bbox 320 2649 1947 2730; baseline -0.002 -26"><span class='ocrx_word' id='word_1_290' title='bbox 320 2651 372 2706; x_wconf 84' lang='lat' dir='ltr'>iilis</span> <span class='ocrx_word' id='word_1_291' title='bbox 384 2649 519 2706; x_wconf 85' lang='lat' dir='ltr'>Sacerdos</span> <span class='ocrx_word' id='word_1_292' title='bbox 548 2649 673 2705; x_wconf 78' lang='lat' dir='ltr'>Christus</span> <span class='ocrx_word' id='word_1_293' title='bbox 688 2665 786 2730; x_wconf 79' lang='lat' dir='ltr'>corprps</span> <span class='ocrx_word' id='word_1_294' title='bbox 809 2651 947 2722; x_wconf 88' lang='lat' dir='ltr'>proprium</span> <span class='ocrx_word' id='word_1_295' title='bbox 962 2649 1104 2705; x_wconf 85' lang='lat' dir='ltr'>anrortuis</span> <span class='ocrx_word' id='word_1_296' title='bbox 1153 2671 1200 2727; x_wconf 79' lang='lat' dir='ltr'>eqo</span> <span class='ocrx_word' id='word_1_297' title='bbox 1221 2654 1345 2725; x_wconf 82' lang='lat' dir='ltr'>precipio</span> <span class='ocrx_word' id='word_1_298' title='bbox 1370 2652 1418 2706; x_wconf 83' lang='lat' dir='ltr'>tibi</span> <span class='ocrx_word' id='word_1_299' title='bbox 1437 2652 1535 2716; x_wconf 81' lang='lat' dir='ltr'>laodic,·</span> <span class='ocrx_word' id='word_1_300' title='bbox 1565 2667 1624 2705; x_wconf 85' lang='lat' dir='ltr'>cum</span> <span class='ocrx_word' id='word_1_301' title='bbox 1646 2650 1785 2704; x_wconf 69' lang='lat' dir='ltr'>intraveris</span> <span class='ocrx_word' id='word_1_302' title='bbox 1803 2649 1830 2704; x_wconf 88' lang='lat' dir='ltr'>in</span> <span class='ocrx_word' id='word_1_303' title='bbox 1848 2657 1947 2703; x_wconf 82' lang='lat' dir='ltr'>terrens</span> 
     </span>
     <span class='ocr_line' id='line_1_31' title="bbox 320 2740 1949 2819; baseline -0.009 -9"><span class='ocrx_word' id='word_1_304' title='bbox 320 2742 462 2797; x_wconf 54' lang='lat' dir='ltr'>Wlfflin·</span> <span class='ocrx_word' id='word_1_305' title='bbox 492 2742 532 2796; x_wconf 63' lang='grc' dir='ltr'>ΒΘ</span> <span class='ocrx_word' id='word_1_306' title='bbox 554 2757 608 2810; x_wconf 72' lang='lat' dir='ltr'>ll¹¹⁰</span> <span class='ocrx_word' id='word_1_307' title='bbox 633 2740 732 2796; x_wconf 64' lang='lat' dir='ltr'>Paulus</span> <span class='ocrx_word' id='word_1_308' title='bbox 757 2742 892 2797; x_wconf 86' lang='lat' dir='ltr'>dicebat:</span> <span class='ocrx_word' id='word_1_309' title='bbox 914 2740 993 2795; x_wconf 87' lang='lat' dir='ltr'>Nunc</span> <span class='ocrx_word' id='word_1_310' title='bbox 1016 2749 1104 2794; x_wconf 62' lang='lat' dir='ltr'>attium</span> <span class='ocrx_word' id='word_1_311' title='bbox 1153 2765 1233 2819; x_wconf 83' lang='lat' dir='ltr'>quam</span> <span class='ocrx_word' id='word_1_312' title='bbox 1256 2745 1385 2801; x_wconf 80' lang='lat' dir='ltr'>Dominus</span> <span class='ocrx_word' id='word_1_313' title='bbox 1407 2744 1479 2799; x_wconf 86' lang='lat' dir='ltr'>Deus</span> <span class='ocrx_word' id='word_1_314' title='bbox 1502 2754 1563 2798; x_wconf 88' lang='lat' dir='ltr'>tuus</span> <span class='ocrx_word' id='word_1_315' title='bbox 1578 2742 1949 2813; x_wconf 81' lang='lat' dir='ltr'>tibidnturnsestpossiden·</span> 
     </span>
     <span class='ocr_line' id='line_1_32' title="bbox 320 2827 1948 2906; baseline -0.006 -22"><span class='ocrx_word' id='word_1_316' title='bbox 320 2827 429 2887; x_wconf 73' lang='lat' dir='ltr'>diristss</span> <span class='ocrx_word' id='word_1_317' title='bbox 438 2831 590 2886; x_wconf 73' lang='lat' dir='ltr'>sesunexs&#39;t</span> <span class='ocrx_word' id='word_1_318' title='bbox 602 2849 618 2885; x_wconf 89' lang='lat' dir='ltr'>n</span> <span class='ocrx_word' id='word_1_319' title='bbox 630 2832 740 2885; x_wconf 84' lang='lat' dir='ltr'>mortuis</span> <span class='ocrx_word' id='word_1_320' title='bbox 759 2832 883 2903; x_wconf 83' lang='lat' dir='ltr'>prisnitim</span> <span class='ocrx_word' id='word_1_321' title='bbox 902 2832 1101 2886; x_wconf 81' lang='lat' dir='ltr'>dornrieutiuns.</span> <span class='ocrx_word' id='word_1_322' title='bbox 1154 2838 1224 2899; x_wconf 65' lang='lat' dir='ltr'>dasii,</span> <span class='ocrx_word' id='word_1_323' title='bbox 1238 2846 1263 2891; x_wconf 73' lang='lat' dir='ltr'>es</span> <span class='ocrx_word' id='word_1_324' title='bbox 1275 2836 1417 2891; x_wconf 63' lang='lat' dir='ltr'>obtinueris</span> <span class='ocrx_word' id='word_1_325' title='bbox 1429 2852 1487 2890; x_wconf 61' lang='lat' dir='ltr'>enan</span> <span class='ocrx_word' id='word_1_326' title='bbox 1511 2846 1589 2906; x_wconf 67' lang='lat' dir='ltr'>aeque</span> <span class='ocrx_word' id='word_1_327' title='bbox 1601 2833 1759 2888; x_wconf 57' lang='lat' dir='ltr'>tinniensem</span> <span class='ocrx_word' id='word_1_328' title='bbox 1772 2832 1799 2886; x_wconf 66' lang='lat' dir='ltr'>ln</span> <span class='ocrx_word' id='word_1_329' title='bbox 1811 2831 1858 2887; x_wconf 72' lang='lat' dir='ltr'>ma</span> <span class='ocrx_word' id='word_1_330' title='bbox 1871 2845 1880 2884; x_wconf 85' lang='lat'>,·</span> <span class='ocrx_word' id='word_1_331' title='bbox 1894 2831 1948 2887; x_wconf 57' lang='grc' dir='ltr'>χοι.</span> 
     </span>
     <span class='ocr_line' id='line_1_33' title="bbox 321 2921 1944 2999; baseline -0.002 -18"><span class='ocrx_word' id='word_1_332' title='bbox 321 2921 363 2977; x_wconf 76' lang='lat' dir='ltr'>Std</span> <span class='ocrx_word' id='word_1_333' title='bbox 376 2922 486 2992; x_wconf 70' lang='lat' dir='ltr'>quando</span> <span class='ocrx_word' id='word_1_334' title='bbox 508 2923 558 2977; x_wconf 87' lang='lat' dir='ltr'>lroe</span> <span class='ocrx_word' id='word_1_335' title='bbox 572 2922 673 2978; x_wconf 84' lang='lat' dir='ltr'>lactum</span> <span class='ocrx_word' id='word_1_336' title='bbox 688 2924 751 2978; x_wconf 73' lang='lat' dir='ltr'>est?</span> <span class='ocrx_word' id='word_1_337' title='bbox 767 2922 857 2977; x_wconf 75' lang='lat' dir='ltr'>Altera</span> <span class='ocrx_word' id='word_1_338' title='bbox 871 2922 914 2977; x_wconf 73' lang='lat' dir='ltr'>dt&#39;e</span> <span class='ocrx_word' id='word_1_339' title='bbox 936 2922 1047 2976; x_wconf 82' lang='lat' dir='ltr'>sabbati.</span> <span class='ocrx_word' id='word_1_340' title='bbox 1069 2921 1103 2975; x_wconf 74' lang='lat' dir='ltr'>El</span> <span class='ocrx_word' id='word_1_341' title='bbox 1155 2929 1191 2984; x_wconf 86' lang='lat' dir='ltr'>les</span> <span class='ocrx_word' id='word_1_342' title='bbox 1201 2931 1233 2984; x_wconf 68' lang='grc' dir='ltr'>(ιε</span> <span class='ocrx_word' id='word_1_343' title='bbox 1244 2929 1344 2983; x_wconf 83' lang='lat' dir='ltr'>cunctis</span> <span class='ocrx_word' id='word_1_344' title='bbox 1366 2928 1485 2999; x_wconf 72' lang='lat' dir='ltr'>[rupibus</span> <span class='ocrx_word' id='word_1_345' title='bbox 1496 2928 1548 2981; x_wconf 90' lang='lat' dir='ltr'>tais</span> <span class='ocrx_word' id='word_1_346' title='bbox 1570 2926 1700 2997; x_wconf 83' lang='lat' dir='ltr'>primitias</span> <span class='ocrx_word' id='word_1_347' title='bbox 1712 2935 1736 2980; x_wconf 89' lang='lat' dir='ltr'>ct</span> <span class='ocrx_word' id='word_1_348' title='bbox 1749 2941 1828 2996; x_wconf 86' lang='lat' dir='ltr'>pones</span> <span class='ocrx_word' id='word_1_349' title='bbox 1840 2926 1867 2980; x_wconf 92' lang='lat' dir='ltr'>in</span> <span class='ocrx_word' id='word_1_350' title='bbox 1881 2941 1944 2978; x_wconf 85' lang='lat' dir='ltr'>cus·</span> 
     </span>
     <span class='ocr_line' id='line_1_34' title="bbox 319 3011 1947 3091; baseline 0.001 -23"><span class='ocrx_word' id='word_1_351' title='bbox 319 3012 483 3083; x_wconf 72' lang='lat' dir='ltr'>sanctificabit</span> <span class='ocrx_word' id='word_1_352' title='bbox 508 3011 585 3067; x_wconf 81' lang='lat' dir='ltr'>illuns</span> <span class='ocrx_word' id='word_1_353' title='bbox 619 3013 757 3079; x_wconf 76' lang='lat' dir='ltr'>sacerdos,</span> <span class='ocrx_word' id='word_1_354' title='bbox 782 3028 844 3069; x_wconf 90' lang='lat' dir='ltr'>esse</span> <span class='ocrx_word' id='word_1_355' title='bbox 867 3022 959 3069; x_wconf 89' lang='lat' dir='ltr'>autem</span> <span class='ocrx_word' id='word_1_356' title='bbox 988 3014 1103 3085; x_wconf 87' lang='lat' dir='ltr'>primam</span> <span class='ocrx_word' id='word_1_357' title='bbox 1155 3019 1228 3085; x_wconf 85' lang='lat' dir='ltr'>tullo,</span> <span class='ocrx_word' id='word_1_358' title='bbox 1249 3018 1437 3091; x_wconf 83' lang='lat' dir='ltr'>perqesquead</span> <span class='ocrx_word' id='word_1_359' title='bbox 1458 3017 1544 3072; x_wconf 88' lang='lat' dir='ltr'>locum</span> <span class='ocrx_word' id='word_1_360' title='bbox 1560 3033 1637 3088; x_wconf 83' lang='lat' dir='ltr'>quens</span> <span class='ocrx_word' id='word_1_361' title='bbox 1659 3016 1789 3071; x_wconf 82' lang='lat' dir='ltr'>Donsinus</span> <span class='ocrx_word' id='word_1_362' title='bbox 1804 3014 1947 3070; x_wconf 77' lang='lat' dir='ltr'>dcastuas</span> 
     </span>
     <span class='ocr_line' id='line_1_35' title="bbox 321 3101 1752 3181; baseline 0.002 -22"><span class='ocrx_word' id='word_1_363' title='bbox 321 3101 383 3160; x_wconf 71' lang='lat' dir='ltr'>ders</span> <span class='ocrx_word' id='word_1_364' title='bbox 397 3103 546 3160; x_wconf 72' lang='lat' dir='ltr'>dominicae</span> <span class='ocrx_word' id='word_1_365' title='bbox 558 3104 694 3175; x_wconf 89' lang='lat' dir='ltr'>passionis</span> <span class='ocrx_word' id='word_1_366' title='bbox 707 3119 739 3159; x_wconf 87' lang='lat' dir='ltr'>ea</span> <span class='ocrx_word' id='word_1_367' title='bbox 752 3120 813 3174; x_wconf 81' lang='lat' dir='ltr'>qum</span> <span class='ocrx_word' id='word_1_368' title='bbox 835 3112 898 3159; x_wconf 90' lang='lat' dir='ltr'>ante</span> <span class='ocrx_word' id='word_1_369' title='bbox 921 3104 973 3159; x_wconf 91' lang='lat' dir='ltr'>boe</span> <span class='ocrx_word' id='word_1_370' title='bbox 987 3104 1104 3159; x_wconf 82' lang='lat' dir='ltr'>alinianus</span> <span class='ocrx_word' id='word_1_371' title='bbox 1155 3109 1259 3181; x_wconf 80' lang='lat' dir='ltr'>cleperit</span> <span class='ocrx_word' id='word_1_372' title='bbox 1275 3120 1303 3165; x_wconf 81' lang='lat' dir='ltr'>ut</span> <span class='ocrx_word' id='word_1_373' title='bbox 1321 3110 1357 3163; x_wconf 86' lang='lat' dir='ltr'>ibi</span> <span class='ocrx_word' id='word_1_374' title='bbox 1368 3110 1503 3164; x_wconf 76' lang='lat' dir='ltr'>invocetur</span> <span class='ocrx_word' id='word_1_375' title='bbox 1513 3123 1607 3162; x_wconf 85' lang='lat' dir='ltr'>nomen</span> <span class='ocrx_word' id='word_1_376' title='bbox 1618 3108 1685 3176; x_wconf 77' lang='lat' dir='ltr'>eius,</span> <span class='ocrx_word' id='word_1_377' title='bbox 1698 3116 1752 3163; x_wconf 90' lang='lat' dir='ltr'>etc.</span> 
     </span>
    </p>

    <p class='ocr_par' dir='ltr' id='par_1_14' title="bbox 320 3195 1948 3453">
     <span class='ocr_line' id='line_1_36' title="bbox 320 3195 1948 3271; baseline 0.002 -19"><span class='ocrx_word' id='word_1_378' title='bbox 320 3197 495 3263; x_wconf 82' lang='lat' dir='ltr'>utersderunt,</span> <span class='ocrx_word' id='word_1_379' title='bbox 510 3197 537 3251; x_wconf 93' lang='lat' dir='ltr'>in</span> <span class='ocrx_word' id='word_1_380' title='bbox 553 3212 606 3267; x_wconf 86' lang='lat' dir='ltr'>qna</span> <span class='ocrx_word' id='word_1_381' title='bbox 619 3198 748 3253; x_wconf 78' lang='lat' dir='ltr'>hominm</span> <span class='ocrx_word' id='word_1_382' title='bbox 759 3212 837 3254; x_wconf 85' lang='lat' dir='ltr'>suam</span> <span class='ocrx_word' id='word_1_383' title='bbox 850 3195 966 3253; x_wconf 83' lang='lat' dir='ltr'>hostiam</span> <span class='ocrx_word' id='word_1_384' title='bbox 981 3195 1104 3252; x_wconf 90' lang='lat' dir='ltr'>nonsine</span> <span class='ocrx_word' id='word_1_385' title='bbox 1191 3202 1245 3256; x_wconf 86' lang='lat' dir='ltr'>Per</span> <span class='ocrx_word' id='word_1_386' title='bbox 1263 3200 1321 3257; x_wconf 81' lang='lat' dir='ltr'>baec</span> <span class='ocrx_word' id='word_1_387' title='bbox 1349 3202 1430 3255; x_wconf 80' lang='lat' dir='ltr'>sertia</span> <span class='ocrx_word' id='word_1_388' title='bbox 1457 3201 1555 3271; x_wconf 84' lang='lat' dir='ltr'>quihus</span> <span class='ocrx_word' id='word_1_389' title='bbox 1585 3200 1790 3255; x_wconf 79' lang='lat' dir='ltr'>instruebantur</span> <span class='ocrx_word' id='word_1_390' title='bbox 1819 3198 1948 3255; x_wconf 76' lang='lat' dir='ltr'>israelite</span> 
     </span>
     <span class='ocr_line' id='line_1_37' title="bbox 321 3286 1948 3363; baseline 0.002 -24"><span class='ocrx_word' id='word_1_391' title='bbox 321 3286 416 3341; x_wconf 83' lang='lat' dir='ltr'>nacae</span> <span class='ocrx_word' id='word_1_392' title='bbox 429 3286 606 3357; x_wconf 81' lang='lat' dir='ltr'>dispensavit,</span> <span class='ocrx_word' id='word_1_393' title='bbox 621 3286 655 3341; x_wconf 93' lang='lat' dir='ltr'>ab</span> <span class='ocrx_word' id='word_1_394' title='bbox 680 3286 939 3342; x_wconf 88' lang='lat' dir='ltr'>alterodiesabhati</span> <span class='ocrx_word' id='word_1_395' title='bbox 965 3287 1103 3341; x_wconf 90' lang='lat' dir='ltr'>numerari</span> <span class='ocrx_word' id='word_1_396' title='bbox 1156 3292 1290 3363; x_wconf 88' lang='lat' dir='ltr'>quomodo</span> <span class='ocrx_word' id='word_1_397' title='bbox 1313 3291 1340 3345; x_wconf 94' lang='lat' dir='ltr'>in</span> <span class='ocrx_word' id='word_1_398' title='bbox 1368 3299 1440 3346; x_wconf 87' lang='lat' dir='ltr'>terra</span> <span class='ocrx_word' id='word_1_399' title='bbox 1466 3288 1646 3359; x_wconf 80' lang='lat' dir='ltr'>possessionis</span> <span class='ocrx_word' id='word_1_400' title='bbox 1667 3304 1724 3343; x_wconf 78' lang='lat' dir='ltr'>suae</span> <span class='ocrx_word' id='word_1_401' title='bbox 1747 3288 1883 3359; x_wconf 82' lang='lat' dir='ltr'>primitias</span> <span class='ocrx_word' id='word_1_402' title='bbox 1897 3288 1948 3342; x_wconf 73' lang='lat' dir='ltr'>lte</span> 
     </span>
     <span class='ocr_line' id='line_1_38' title="bbox 320 3376 1947 3453; baseline 0.004 -25"><span class='ocrx_word' id='word_1_403' title='bbox 320 3376 437 3445; x_wconf 76' lang='lat' dir='ltr'>precepit</span> <span class='ocrx_word' id='word_1_404' title='bbox 456 3376 650 3447; x_wconf 80' lang='lat' dir='ltr'>quinquaginta</span> <span class='ocrx_word' id='word_1_405' title='bbox 665 3378 735 3443; x_wconf 90' lang='lat' dir='ltr'>dies,</span> <span class='ocrx_word' id='word_1_406' title='bbox 761 3376 931 3434; x_wconf 85' lang='lat' dir='ltr'>Dorninieum</span> <span class='ocrx_word' id='word_1_407' title='bbox 953 3378 1024 3432; x_wconf 89' lang='lat' dir='ltr'>diem</span> <span class='ocrx_word' id='word_1_408' title='bbox 1041 3392 1104 3448; x_wconf 82' lang='lat' dir='ltr'>pro·</span> <span class='ocrx_word' id='word_1_409' title='bbox 1156 3382 1407 3439; x_wconf 89' lang='lat' dir='ltr'>minoollerrentin</span> <span class='ocrx_word' id='word_1_410' title='bbox 1431 3380 1544 3436; x_wconf 83' lang='lat' dir='ltr'>cartallo</span> <span class='ocrx_word' id='word_1_411' title='bbox 1565 3396 1614 3451; x_wconf 92' lang='lat' dir='ltr'>per</span> <span class='ocrx_word' id='word_1_412' title='bbox 1636 3381 1784 3453; x_wconf 78' lang='lat' dir='ltr'>gratiarum</span> <span class='ocrx_word' id='word_1_413' title='bbox 1802 3380 1947 3444; x_wconf 88' lang='lat' dir='ltr'>actionem,</span> 
     </span>
    </p>
   </div>
   <div class='ocr_carea' id='block_1_13' title="bbox 320 3449 1950 3909">
    <p class='ocr_par' dir='ltr' id='par_1_15' title="bbox 320 3449 1950 3909">
     <span class='ocr_line' id='line_1_39' title="bbox 320 3449 1950 3547; baseline 0.004 -25"><span class='ocrx_word' id='word_1_414' title='bbox 320 3466 354 3522; x_wconf 86' lang='lat' dir='ltr'>cul</span> <span class='ocrx_word' id='word_1_415' title='bbox 371 3468 455 3526; x_wconf 86' lang='lat' dir='ltr'>dubio</span> <span class='ocrx_word' id='word_1_416' title='bbox 476 3469 571 3525; x_wconf 85' lang='lat' dir='ltr'>solens</span> <span class='ocrx_word' id='word_1_417' title='bbox 588 3470 701 3543; x_wconf 74' lang='lat' dir='ltr'>intelligi</span> <span class='ocrx_word' id='word_1_418' title='bbox 714 3486 720 3537; x_wconf 90' lang='lat'><strong>;</strong></span> <span class='ocrx_word' id='word_1_419' title='bbox 738 3471 782 3527; x_wconf 90' lang='lat' dir='ltr'>hie</span> <span class='ocrx_word' id='word_1_420' title='bbox 795 3471 867 3526; x_wconf 91' lang='lat' dir='ltr'>enim</span> <span class='ocrx_word' id='word_1_421' title='bbox 892 3479 934 3527; x_wconf 91' lang='lat' dir='ltr'>est</span> <span class='ocrx_word' id='word_1_422' title='bbox 947 3471 1032 3527; x_wconf 84' lang='lat' dir='ltr'>altera</span> <span class='ocrx_word' id='word_1_423' title='bbox 1044 3471 1102 3528; x_wconf 89' lang='lat' dir='ltr'>dics</span> <span class='ocrx_word' id='word_1_424' title='bbox 1117 3449 1140 3513; x_wconf 72' lang='lat' dir='ltr'>c</span> <span class='ocrx_word' id='word_1_425' title='bbox 1156 3490 1189 3531; x_wconf 87' lang='lat' dir='ltr'>eo</span> <span class='ocrx_word' id='word_1_426' title='bbox 1200 3475 1272 3545; x_wconf 91' lang='lat' dir='ltr'>quod</span> <span class='ocrx_word' id='word_1_427' title='bbox 1286 3475 1373 3547; x_wconf 86' lang='lat' dir='ltr'>erepti</span> <span class='ocrx_word' id='word_1_428' title='bbox 1394 3482 1457 3529; x_wconf 88' lang='lat' dir='ltr'>snat</span> <span class='ocrx_word' id='word_1_429' title='bbox 1472 3474 1505 3529; x_wconf 92' lang='lat' dir='ltr'>de</span> <span class='ocrx_word' id='word_1_430' title='bbox 1529 3472 1647 3546; x_wconf 72' lang='lat' dir='ltr'>AEgypto</span> <span class='ocrx_word' id='word_1_431' title='bbox 1660 3513 1668 3540; x_wconf 94' lang='lat'>,</span> <span class='ocrx_word' id='word_1_432' title='bbox 1683 3473 1850 3529; x_wconf 86' lang='lat' dir='ltr'>instituimur</span> <span class='ocrx_word' id='word_1_433' title='bbox 1860 3483 1889 3529; x_wconf 89' lang='lat' dir='ltr'>et</span> <span class='ocrx_word' id='word_1_434' title='bbox 1900 3489 1950 3530; x_wconf 90' lang='lat' dir='ltr'>nos</span> 
     </span>
     <span class='ocr_line' id='line_1_40' title="bbox 321 3560 1950 3637; baseline 0.005 -24"><span class='ocrx_word' id='word_1_435' title='bbox 321 3560 415 3616; x_wconf 80' lang='lat' dir='ltr'>sabbati</span> <span class='ocrx_word' id='word_1_436' title='bbox 429 3579 436 3615; x_wconf 74' lang='grc' dir='ltr'>ε</span> <span class='ocrx_word' id='word_1_437' title='bbox 453 3561 480 3616; x_wconf 91' lang='lat' dir='ltr'>in</span> <span class='ocrx_word' id='word_1_438' title='bbox 500 3560 552 3617; x_wconf 89' lang='lat' dir='ltr'>bae</span> <span class='ocrx_word' id='word_1_439' title='bbox 574 3562 647 3617; x_wconf 84' lang='lat' dir='ltr'>enirn</span> <span class='ocrx_word' id='word_1_440' title='bbox 675 3564 840 3619; x_wconf 87' lang='lat' dir='ltr'>resurreetio</span> <span class='ocrx_word' id='word_1_441' title='bbox 864 3562 935 3618; x_wconf 84' lang='lat' dir='ltr'>laeta</span> <span class='ocrx_word' id='word_1_442' title='bbox 959 3572 1010 3627; x_wconf 85' lang='lat' dir='ltr'>cst,</span> <span class='ocrx_word' id='word_1_443' title='bbox 1024 3579 1038 3618; x_wconf 88' lang='lat' dir='ltr'>a</span> <span class='ocrx_word' id='word_1_444' title='bbox 1051 3579 1103 3633; x_wconf 87' lang='lat' dir='ltr'>qua</span> <span class='ocrx_word' id='word_1_445' title='bbox 1154 3576 1184 3621; x_wconf 90' lang='lat' dir='ltr'>ut</span> <span class='ocrx_word' id='word_1_446' title='bbox 1197 3566 1331 3621; x_wconf 89' lang='lat' dir='ltr'>intrantes</span> <span class='ocrx_word' id='word_1_447' title='bbox 1349 3580 1398 3637; x_wconf 89' lang='lat' dir='ltr'>per</span> <span class='ocrx_word' id='word_1_448' title='bbox 1412 3565 1580 3636; x_wconf 88' lang='lat' dir='ltr'>spiritualem</span> <span class='ocrx_word' id='word_1_449' title='bbox 1595 3564 1755 3631; x_wconf 83' lang='lat' dir='ltr'>Jordanem,</span> <span class='ocrx_word' id='word_1_450' title='bbox 1771 3566 1823 3621; x_wconf 92' lang='lat' dir='ltr'>boc</span> <span class='ocrx_word' id='word_1_451' title='bbox 1836 3573 1888 3629; x_wconf 88' lang='lat' dir='ltr'>est,</span> <span class='ocrx_word' id='word_1_452' title='bbox 1901 3580 1950 3637; x_wconf 90' lang='lat' dir='ltr'>per</span> 
     </span>
     <span class='ocr_line' id='line_1_41' title="bbox 321 3623 1947 3727; baseline 0.002 -20"><span class='ocrx_word' id='word_1_453' title='bbox 321 3623 485 3708; x_wconf 59' lang='lat' dir='ltr'>Mamuda</span> <span class='ocrx_word' id='word_1_454' title='bbox 499 3660 678 3708; x_wconf 88' lang='lat' dir='ltr'>numerantur</span> <span class='ocrx_word' id='word_1_455' title='bbox 701 3662 804 3724; x_wconf 89' lang='lat' dir='ltr'>septem</span> <span class='ocrx_word' id='word_1_456' title='bbox 816 3668 903 3724; x_wconf 88' lang='lat' dir='ltr'>usque</span> <span class='ocrx_word' id='word_1_457' title='bbox 928 3654 962 3709; x_wconf 90' lang='lat' dir='ltr'>ad</span> <span class='ocrx_word' id='word_1_458' title='bbox 988 3654 1103 3709; x_wconf 84' lang='lat' dir='ltr'>alterans</span> <span class='ocrx_word' id='word_1_459' title='bbox 1155 3656 1317 3727; x_wconf 88' lang='lat' dir='ltr'>baptismam</span> <span class='ocrx_word' id='word_1_460' title='bbox 1343 3664 1371 3710; x_wconf 93' lang='lat' dir='ltr'>et</span> <span class='ocrx_word' id='word_1_461' title='bbox 1397 3655 1477 3711; x_wconf 89' lang='lat' dir='ltr'>iidem</span> <span class='ocrx_word' id='word_1_462' title='bbox 1505 3664 1608 3712; x_wconf 78' lang='lat' dir='ltr'>sancta</span> <span class='ocrx_word' id='word_1_463' title='bbox 1634 3654 1776 3711; x_wconf 83' lang='lat' dir='ltr'>Trinitatis</span> <span class='ocrx_word' id='word_1_464' title='bbox 1802 3656 1947 3711; x_wconf 89' lang='lat' dir='ltr'>interram</span> 
     </span>
     <span class='ocr_line' id='line_1_42' title="bbox 322 3737 1945 3819; baseline 0.006 -23"><span class='ocrx_word' id='word_1_465' title='bbox 322 3737 380 3796; x_wconf 77' lang='lat' dir='ltr'>den</span> <span class='ocrx_word' id='word_1_466' title='bbox 403 3742 566 3813; x_wconf 77' lang='lat' dir='ltr'>expletionis</span> <span class='ocrx_word' id='word_1_467' title='bbox 602 3743 777 3800; x_wconf 73' lang='lat' dir='ltr'>hebdomadae</span> <span class='ocrx_word' id='word_1_468' title='bbox 802 3744 935 3815; x_wconf 87' lang='lat' dir='ltr'>septimae,</span> <span class='ocrx_word' id='word_1_469' title='bbox 963 3746 1102 3800; x_wconf 80' lang='lat' dir='ltr'>[lominica</span> <span class='ocrx_word' id='word_1_470' title='bbox 1155 3748 1282 3804; x_wconf 86' lang='lat' dir='ltr'>Ecclesiae</span> <span class='ocrx_word' id='word_1_471' title='bbox 1293 3762 1426 3819; x_wconf 83' lang='lat' dir='ltr'>portamus</span> <span class='ocrx_word' id='word_1_472' title='bbox 1442 3748 1470 3803; x_wconf 91' lang='lat' dir='ltr'>in</span> <span class='ocrx_word' id='word_1_473' title='bbox 1493 3747 1945 3806; x_wconf 79' lang='lat' dir='ltr'>cartalloconrersationisnostne</span> 
     </span>
     <span class='ocr_line' id='line_1_43' title="bbox 323 3833 1950 3909; baseline 0.004 -23"><span class='ocrx_word' id='word_1_474' title='bbox 323 3845 406 3889; x_wconf 82' lang='lat' dir='ltr'>ninas</span> <span class='ocrx_word' id='word_1_475' title='bbox 424 3834 470 3889; x_wconf 92' lang='lat' dir='ltr'>die</span> <span class='ocrx_word' id='word_1_476' title='bbox 496 3833 669 3893; x_wconf 88' lang='lat' dir='ltr'>Pentecostes</span> <span class='ocrx_word' id='word_1_477' title='bbox 691 3836 859 3892; x_wconf 85' lang='lat' dir='ltr'>celebramus</span> <span class='ocrx_word' id='word_1_478' title='bbox 886 3835 1061 3893; x_wconf 71' lang='lat' dir='ltr'>testivitatem</span> <span class='ocrx_word' id='word_1_479' title='bbox 1076 3837 1103 3893; x_wconf 91' lang='lat' dir='ltr'>in</span> <span class='ocrx_word' id='word_1_480' title='bbox 1154 3838 1290 3909; x_wconf 85' lang='lat' dir='ltr'>primitias</span> <span class='ocrx_word' id='word_1_481' title='bbox 1303 3839 1436 3893; x_wconf 88' lang='lat' dir='ltr'>honoram</span> <span class='ocrx_word' id='word_1_482' title='bbox 1450 3852 1573 3908; x_wconf 90' lang='lat' dir='ltr'>operam,</span> <span class='ocrx_word' id='word_1_483' title='bbox 1587 3845 1615 3892; x_wconf 90' lang='lat' dir='ltr'>et</span> <span class='ocrx_word' id='word_1_484' title='bbox 1633 3836 1787 3894; x_wconf 87' lang='lat' dir='ltr'>deteramus</span> <span class='ocrx_word' id='word_1_485' title='bbox 1802 3837 1858 3892; x_wconf 85' lang='lat' dir='ltr'>beo</span> <span class='ocrx_word' id='word_1_486' title='bbox 1871 3838 1898 3892; x_wconf 90' lang='lat' dir='ltr'>in</span> <span class='ocrx_word' id='word_1_487' title='bbox 1910 3838 1950 3892; x_wconf 89' lang='lat' dir='ltr'>al·</span> 
     </span>
    </p>
   </div>
   <div class='ocr_carea' id='block_1_14' title="bbox 315 3927 1952 4861">
    <p class='ocr_par' dir='ltr' id='par_1_16' title="bbox 323 3927 1950 3999">
     <span class='ocr_line' id='line_1_44' title="bbox 323 3927 1950 3999; baseline 0.001 -16"><span class='ocrx_word' id='word_1_488' title='bbox 323 3941 364 3995; x_wconf 80' lang='lat' dir='ltr'>qua</span> <span class='ocrx_word' id='word_1_489' title='bbox 376 3928 462 3983; x_wconf 86' lang='lat' dir='ltr'>saneti</span> <span class='ocrx_word' id='word_1_490' title='bbox 478 3927 596 3997; x_wconf 83' lang='lat' dir='ltr'>Spiritus</span> <span class='ocrx_word' id='word_1_491' title='bbox 608 3930 753 3984; x_wconf 84' lang='lat' dir='ltr'>aduentum</span> <span class='ocrx_word' id='word_1_492' title='bbox 771 3929 929 3985; x_wconf 88' lang='lat' dir='ltr'>meruimus.</span> <span class='ocrx_word' id='word_1_493' title='bbox 1155 3937 1214 3985; x_wconf 91' lang='lat' dir='ltr'>tare</span> <span class='ocrx_word' id='word_1_494' title='bbox 1225 3927 1288 3984; x_wconf 84' lang='lat' dir='ltr'>fidei</span> <span class='ocrx_word' id='word_1_495' title='bbox 1303 3927 1454 3994; x_wconf 76' lang='lat' dir='ltr'>catholice,</span> <span class='ocrx_word' id='word_1_496' title='bbox 1470 3936 1603 3999; x_wconf 89' lang='lat' dir='ltr'>quatenus</span> <span class='ocrx_word' id='word_1_497' title='bbox 1618 3943 1650 3983; x_wconf 90' lang='lat' dir='ltr'>ea</span> <span class='ocrx_word' id='word_1_498' title='bbox 1665 3929 1701 3982; x_wconf 85' lang='lat' dir='ltr'>ibi</span> <span class='ocrx_word' id='word_1_499' title='bbox 1715 3928 1844 3999; x_wconf 68' lang='lat' dir='ltr'>sirmipiat</span> <span class='ocrx_word' id='word_1_500' title='bbox 1858 3944 1950 3985; x_wconf 83' lang='lat' dir='ltr'>saeer-</span> 
     </span>
    </p>

    <p class='ocr_par' dir='ltr' id='par_1_17' title="bbox 315 4016 1952 4861">
     <span class='ocr_line' id='line_1_45' title="bbox 348 4016 1949 4090; baseline -0.001 -16"><span class='ocrx_word' id='word_1_501' title='bbox 348 4017 382 4074; x_wconf 71' lang='lat' dir='ltr'>Et</span> <span class='ocrx_word' id='word_1_502' title='bbox 393 4022 432 4074; x_wconf 88' lang='lat' dir='ltr'>sic</span> <span class='ocrx_word' id='word_1_503' title='bbox 449 4018 563 4088; x_wconf 68' lang='lat' dir='ltr'>offeretis</span> <span class='ocrx_word' id='word_1_504' title='bbox 583 4020 744 4090; x_wconf 72' lang='lat' dir='ltr'>sacrificiunt</span> <span class='ocrx_word' id='word_1_505' title='bbox 767 4038 860 4076; x_wconf 82' lang='lat' dir='ltr'>sacuam</span> <span class='ocrx_word' id='word_1_506' title='bbox 876 4020 988 4076; x_wconf 86' lang='lat' dir='ltr'>Dnmino</span> <span class='ocrx_word' id='word_1_507' title='bbox 1000 4039 1032 4077; x_wconf 84' lang='lat' dir='ltr'>es</span> <span class='ocrx_word' id='word_1_508' title='bbox 1050 4039 1105 4077; x_wconf 81' lang='lat' dir='ltr'>oni·</span> <span class='ocrx_word' id='word_1_509' title='bbox 1154 4017 1204 4073; x_wconf 91' lang='lat' dir='ltr'>dns</span> <span class='ocrx_word' id='word_1_510' title='bbox 1216 4026 1319 4085; x_wconf 91' lang='lat' dir='ltr'>noster,</span> <span class='ocrx_word' id='word_1_511' title='bbox 1334 4018 1379 4074; x_wconf 91' lang='lat' dir='ltr'>ille</span> <span class='ocrx_word' id='word_1_512' title='bbox 1395 4018 1490 4088; x_wconf 87' lang='lat' dir='ltr'>utique</span> <span class='ocrx_word' id='word_1_513' title='bbox 1514 4018 1559 4086; x_wconf 90' lang='lat' dir='ltr'>qni</span> <span class='ocrx_word' id='word_1_514' title='bbox 1574 4016 1720 4071; x_wconf 89' lang='lat' dir='ltr'>seeundum</span> <span class='ocrx_word' id='word_1_515' title='bbox 1734 4017 1858 4073; x_wconf 83' lang='lat' dir='ltr'>ordinem</span> <span class='ocrx_word' id='word_1_516' title='bbox 1883 4018 1949 4073; x_wconf 85' lang='lat' dir='ltr'>blel-</span> 
     </span>
     <span class='ocr_line' id='line_1_46' title="bbox 324 4107 1950 4187; baseline -0.001 -20"><span class='ocrx_word' id='word_1_517' title='bbox 324 4111 727 4176; x_wconf 59' lang='lat' dir='ltr'>manuscriptionem,</span> <span class='ocrx_word' id='word_1_518' title='bbox 750 4127 830 4182; x_wconf 86' lang='lat' dir='ltr'>panes</span> <span class='ocrx_word' id='word_1_519' title='bbox 849 4111 1105 4182; x_wconf 84' lang='lat' dir='ltr'>primitiarumduos</span> <span class='ocrx_word' id='word_1_520' title='bbox 1155 4112 1299 4168; x_wconf 82' lang='lat' dir='ltr'>chisedech</span> <span class='ocrx_word' id='word_1_521' title='bbox 1323 4111 1410 4187; x_wconf 83' lang='lat' dir='ltr'>allen</span> <span class='ocrx_word' id='word_1_522' title='bbox 1429 4109 1517 4165; x_wconf 89' lang='lat' dir='ltr'>laetus</span> <span class='ocrx_word' id='word_1_523' title='bbox 1537 4118 1578 4165; x_wconf 91' lang='lat' dir='ltr'>est</span> <span class='ocrx_word' id='word_1_524' title='bbox 1602 4108 1681 4164; x_wconf 91' lang='lat' dir='ltr'>nobis</span> <span class='ocrx_word' id='word_1_525' title='bbox 1706 4107 1837 4179; x_wconf 80' lang='lat' dir='ltr'>pontifex,</span> <span class='ocrx_word' id='word_1_526' title='bbox 1859 4110 1950 4180; x_wconf 90' lang='lat' dir='ltr'>ibique</span> 
     </span>
     <span class='ocr_line' id='line_1_47' title="bbox 323 4196 1949 4274; baseline 0 -17"><span class='ocrx_word' id='word_1_527' title='bbox 323 4201 460 4258; x_wconf 71' lang='lat' dir='ltr'>utentia</span> <span class='ocrx_word' id='word_1_528' title='bbox 475 4201 583 4259; x_wconf 75' lang='lat' dir='ltr'>decimis</span> <span class='ocrx_word' id='word_1_529' title='bbox 606 4202 700 4259; x_wconf 78' lang='lat' dir='ltr'>simile</span> <span class='ocrx_word' id='word_1_530' title='bbox 722 4204 896 4274; x_wconf 68' lang='lat' dir='ltr'>terraemota,</span> <span class='ocrx_word' id='word_1_531' title='bbox 914 4218 978 4273; x_wconf 90' lang='lat' dir='ltr'>quos</span> <span class='ocrx_word' id='word_1_532' title='bbox 992 4204 1105 4274; x_wconf 84' lang='lat' dir='ltr'>coquetis</span> <span class='ocrx_word' id='word_1_533' title='bbox 1156 4196 1333 4259; x_wconf 82' lang='lat' dir='ltr'>conliteamur</span> <span class='ocrx_word' id='word_1_534' title='bbox 1362 4200 1495 4256; x_wconf 85' lang='lat' dir='ltr'>bomine:</span> <span class='ocrx_word' id='word_1_535' title='bbox 1524 4200 1700 4269; x_wconf 85' lang='lat' dir='ltr'>dicamusque</span> <span class='ocrx_word' id='word_1_536' title='bbox 1717 4199 1752 4263; x_wconf 86' lang='lat' dir='ltr'>ei,</span> <span class='ocrx_word' id='word_1_537' title='bbox 1775 4202 1848 4270; x_wconf 90' lang='lat' dir='ltr'>quod</span> <span class='ocrx_word' id='word_1_538' title='bbox 1862 4199 1949 4272; x_wconf 82' lang='lat' dir='ltr'>Syrus</span> 
     </span>
     <span class='ocr_line' id='line_1_48' title="bbox 323 4290 1950 4366; baseline 0.001 -21"><span class='ocrx_word' id='word_1_539' title='bbox 323 4290 485 4366; x_wconf 74' lang='lat' dir='ltr'>inprimits‘ns</span> <span class='ocrx_word' id='word_1_540' title='bbox 505 4295 620 4350; x_wconf 80' lang='lat' dir='ltr'>bomini.</span> <span class='ocrx_word' id='word_1_541' title='bbox 639 4294 742 4350; x_wconf 81' lang='lat' dir='ltr'>Nouum</span> <span class='ocrx_word' id='word_1_542' title='bbox 759 4295 930 4364; x_wconf 61' lang='lat' dir='ltr'>ancensium,</span> <span class='ocrx_word' id='word_1_543' title='bbox 945 4295 1050 4362; x_wconf 87' lang='lat' dir='ltr'>dicens,</span> <span class='ocrx_word' id='word_1_544' title='bbox 1065 4295 1104 4351; x_wconf 92' lang='lat' dir='ltr'>le·</span> <span class='ocrx_word' id='word_1_545' title='bbox 1156 4291 1286 4365; x_wconf 88' lang='lat' dir='ltr'>spiritalis</span> <span class='ocrx_word' id='word_1_546' title='bbox 1306 4292 1352 4362; x_wconf 91' lang='lat' dir='ltr'>qui</span> <span class='ocrx_word' id='word_1_547' title='bbox 1366 4293 1562 4361; x_wconf 86' lang='lat' dir='ltr'>interpretatur</span> <span class='ocrx_word' id='word_1_548' title='bbox 1586 4290 1710 4347; x_wconf 86' lang='lat' dir='ltr'>sublimis</span> <span class='ocrx_word' id='word_1_549' title='bbox 1723 4290 1766 4346; x_wconf 78' lang='lat' dir='ltr'>sel</span> <span class='ocrx_word' id='word_1_550' title='bbox 1790 4291 1950 4348; x_wconf 82' lang='lat' dir='ltr'>humectans</span> 
     </span>
     <span class='ocr_line' id='line_1_49' title="bbox 322 4382 1948 4456; baseline -0.002 -13"><span class='ocrx_word' id='word_1_551' title='bbox 322 4386 356 4456; x_wconf 76' lang='lat' dir='ltr'>pis</span> <span class='ocrx_word' id='word_1_552' title='bbox 368 4387 503 4443; x_wconf 84' lang='lat' dir='ltr'>sserillcia</span> <span class='ocrx_word' id='word_1_553' title='bbox 517 4396 610 4444; x_wconf 81' lang='lat' dir='ltr'>uetera</span> <span class='ocrx_word' id='word_1_554' title='bbox 630 4387 755 4443; x_wconf 81' lang='lat' dir='ltr'>exclusit.</span> <span class='ocrx_word' id='word_1_555' title='bbox 769 4385 930 4455; x_wconf 79' lang='lat' dir='ltr'>Euangelica</span> <span class='ocrx_word' id='word_1_556' title='bbox 946 4384 1037 4440; x_wconf 80' lang='lat' dir='ltr'>anatem</span> <span class='ocrx_word' id='word_1_557' title='bbox 1055 4400 1106 4456; x_wconf 90' lang='lat' dir='ltr'>pro</span> <span class='ocrx_word' id='word_1_558' title='bbox 1155 4393 1364 4456; x_wconf 86' lang='lat' dir='ltr'>persequeretur</span> <span class='ocrx_word' id='word_1_559' title='bbox 1385 4391 1490 4454; x_wconf 84' lang='lat' dir='ltr'>patrem</span> <span class='ocrx_word' id='word_1_560' title='bbox 1507 4391 1629 4438; x_wconf 88' lang='lat' dir='ltr'>nostrum</span> <span class='ocrx_word' id='word_1_561' title='bbox 1653 4382 1841 4455; x_wconf 86' lang='lat' dir='ltr'>protoplaston</span> <span class='ocrx_word' id='word_1_562' title='bbox 1854 4383 1948 4440; x_wconf 83' lang='lat' dir='ltr'>uideli-</span> 
     </span>
     <span class='ocr_line' id='line_1_50' title="bbox 320 4474 1950 4548; baseline 0.002 -19"><span class='ocrx_word' id='word_1_563' title='bbox 320 4475 369 4533; x_wconf 89' lang='lat' dir='ltr'>illis</span> <span class='ocrx_word' id='word_1_564' title='bbox 385 4477 546 4534; x_wconf 84' lang='lat' dir='ltr'>introdusit.</span> <span class='ocrx_word' id='word_1_565' title='bbox 564 4478 665 4533; x_wconf 82' lang='lat' dir='ltr'>Deinde</span> <span class='ocrx_word' id='word_1_566' title='bbox 679 4476 781 4532; x_wconf 80' lang='lat' dir='ltr'>addens</span> <span class='ocrx_word' id='word_1_567' title='bbox 794 4475 827 4530; x_wconf 88' lang='lat' dir='ltr'>de</span> <span class='ocrx_word' id='word_1_568' title='bbox 846 4474 1051 4530; x_wconf 77' lang='lat' dir='ltr'>institutionibus</span> <span class='ocrx_word' id='word_1_569' title='bbox 1063 4492 1106 4530; x_wconf 87' lang='lat' dir='ltr'>sc·</span> <span class='ocrx_word' id='word_1_570' title='bbox 1156 4487 1199 4534; x_wconf 91' lang='lat' dir='ltr'>eet</span> <span class='ocrx_word' id='word_1_571' title='bbox 1217 4487 1368 4548; x_wconf 84' lang='lat' dir='ltr'>parentem,</span> <span class='ocrx_word' id='word_1_572' title='bbox 1389 4476 1426 4530; x_wconf 89' lang='lat' dir='ltr'>ita</span> <span class='ocrx_word' id='word_1_573' title='bbox 1442 4485 1471 4531; x_wconf 92' lang='lat' dir='ltr'>ut</span> <span class='ocrx_word' id='word_1_574' title='bbox 1494 4476 1631 4546; x_wconf 89' lang='lat' dir='ltr'>deciperet</span> <span class='ocrx_word' id='word_1_575' title='bbox 1656 4483 1717 4531; x_wconf 86' lang='lat' dir='ltr'>eunt</span> <span class='ocrx_word' id='word_1_576' title='bbox 1733 4491 1782 4546; x_wconf 90' lang='lat' dir='ltr'>per</span> <span class='ocrx_word' id='word_1_577' title='bbox 1796 4476 1950 4547; x_wconf 86' lang='lat' dir='ltr'>snperbiam</span> 
     </span>
     <span class='ocr_line' id='line_1_51' title="bbox 320 4566 1952 4641; baseline 0.001 -17"><span class='ocrx_word' id='word_1_578' title='bbox 320 4571 377 4626; x_wconf 77' lang='lat' dir='ltr'>usis</span> <span class='ocrx_word' id='word_1_579' title='bbox 387 4569 538 4626; x_wconf 83' lang='lat' dir='ltr'>Ecclesiam</span> <span class='ocrx_word' id='word_1_580' title='bbox 552 4568 726 4639; x_wconf 74' lang='lat' dir='ltr'>significarit,</span> <span class='ocrx_word' id='word_1_581' title='bbox 744 4576 772 4623; x_wconf 90' lang='lat' dir='ltr'>et</span> <span class='ocrx_word' id='word_1_582' title='bbox 786 4582 870 4638; x_wconf 90' lang='lat' dir='ltr'>panes</span> <span class='ocrx_word' id='word_1_583' title='bbox 887 4568 995 4638; x_wconf 89' lang='lat' dir='ltr'>quidem</span> <span class='ocrx_word' id='word_1_584' title='bbox 1012 4569 1106 4639; x_wconf 80' lang='lat' dir='ltr'>primi·</span> <span class='ocrx_word' id='word_1_585' title='bbox 1157 4578 1184 4625; x_wconf 91' lang='lat' dir='ltr'>et</span> <span class='ocrx_word' id='word_1_586' title='bbox 1193 4569 1331 4641; x_wconf 74' lang='lat' dir='ltr'>paldmot</span> <span class='ocrx_word' id='word_1_587' title='bbox 1345 4576 1576 4639; x_wconf 76' lang='lat' dir='ltr'>transgressorem</span> <span class='ocrx_word' id='word_1_588' title='bbox 1591 4566 1695 4623; x_wconf 86' lang='lat' dir='ltr'>iaciens</span> <span class='ocrx_word' id='word_1_589' title='bbox 1710 4568 1830 4639; x_wconf 84' lang='lat' dir='ltr'>privaret</span> <span class='ocrx_word' id='word_1_590' title='bbox 1844 4584 1952 4638; x_wconf 88' lang='lat' dir='ltr'>posscs-</span> 
     </span>
     <span class='ocr_line' id='line_1_52' title="bbox 318 4644 1951 4733; baseline 0.001 -17"><span class='ocrx_word' id='word_1_591' title='bbox 318 4659 413 4716; x_wconf 83' lang='lat' dir='ltr'>tisrnm</span> <span class='ocrx_word' id='word_1_592' title='bbox 427 4661 506 4725; x_wconf 85' lang='lat' dir='ltr'>dnos,</span> <span class='ocrx_word' id='word_1_593' title='bbox 519 4660 611 4727; x_wconf 84' lang='lat' dir='ltr'>idest,</span> <span class='ocrx_word' id='word_1_594' title='bbox 624 4659 708 4730; x_wconf 76' lang='lat' dir='ltr'>legem</span> <span class='ocrx_word' id='word_1_595' title='bbox 721 4666 748 4715; x_wconf 91' lang='lat' dir='ltr'>et</span> <span class='ocrx_word' id='word_1_596' title='bbox 761 4658 945 4730; x_wconf 75' lang='lat' dir='ltr'>Euangeliam.</span> <span class='ocrx_word' id='word_1_597' title='bbox 960 4655 1030 4715; x_wconf 84' lang='lat' dir='ltr'>Sum</span> <span class='ocrx_word' id='word_1_598' title='bbox 1041 4674 1107 4729; x_wconf 79' lang='lat' dir='ltr'>ergo</span> <span class='ocrx_word' id='word_1_599' title='bbox 1157 4662 1233 4719; x_wconf 90' lang='lat' dir='ltr'>sione</span> <span class='ocrx_word' id='word_1_600' title='bbox 1258 4661 1388 4733; x_wconf 89' lang='lat' dir='ltr'>paradisi.</span> <span class='ocrx_word' id='word_1_601' title='bbox 1417 4661 1494 4719; x_wconf 89' lang='lat' dir='ltr'>Unde</span> <span class='ocrx_word' id='word_1_602' title='bbox 1508 4644 1594 4717; x_wconf 83' lang='lat' dir='ltr'>incola</span> <span class='ocrx_word' id='word_1_603' title='bbox 1619 4661 1707 4717; x_wconf 89' lang='lat' dir='ltr'>laetus</span> <span class='ocrx_word' id='word_1_604' title='bbox 1724 4670 1767 4718; x_wconf 89' lang='lat' dir='ltr'>est</span> <span class='ocrx_word' id='word_1_605' title='bbox 1792 4662 1819 4716; x_wconf 95' lang='lat' dir='ltr'>in</span> <span class='ocrx_word' id='word_1_606' title='bbox 1832 4660 1951 4733; x_wconf 73' lang='lat' dir='ltr'>AEpypto</span> 
     </span>
     <span class='ocr_line' id='line_1_53' title="bbox 315 4748 1950 4861; baseline 0.002 -54"><span class='ocrx_word' id='word_1_607' title='bbox 315 4767 347 4807; x_wconf 81' lang='lat' dir='ltr'>er</span> <span class='ocrx_word' id='word_1_608' title='bbox 363 4752 477 4830; x_wconf 85' lang='lat' dir='ltr'>duabus</span> <span class='ocrx_word' id='word_1_609' title='bbox 493 4751 604 4807; x_wconf 81' lang='lat' dir='ltr'>decianis</span> <span class='ocrx_word' id='word_1_610' title='bbox 619 4748 715 4806; x_wconf 75' lang='lat' dir='ltr'>similae</span> <span class='ocrx_word' id='word_1_611' title='bbox 738 4750 917 4816; x_wconf 70' lang='lat' dir='ltr'>leraanentatse,</span> <span class='ocrx_word' id='word_1_612' title='bbox 930 4765 963 4805; x_wconf 83' lang='lat' dir='ltr'>en</span> <span class='ocrx_word' id='word_1_613' title='bbox 979 4750 1105 4807; x_wconf 87' lang='lat' dir='ltr'>doctriua</span> <span class='ocrx_word' id='word_1_614' title='bbox 1121 4754 1240 4861; x_wconf 54' lang='lat' dir='ltr'>¹‚istius</span> <span class='ocrx_word' id='word_1_615' title='bbox 1260 4754 1362 4822; x_wconf 90' lang='lat' dir='ltr'>mundi,</span> <span class='ocrx_word' id='word_1_616' title='bbox 1388 4754 1434 4810; x_wconf 92' lang='lat' dir='ltr'>ubi</span> <span class='ocrx_word' id='word_1_617' title='bbox 1459 4754 1647 4826; x_wconf 77' lang='lat' dir='ltr'>peregrinatus</span> <span class='ocrx_word' id='word_1_618' title='bbox 1668 4753 1696 4809; x_wconf 92' lang='lat' dir='ltr'>in</span> <span class='ocrx_word' id='word_1_619' title='bbox 1720 4753 1886 4824; x_wconf 90' lang='lat' dir='ltr'>paucissimo</span> <span class='ocrx_word' id='word_1_620' title='bbox 1899 4771 1950 4811; x_wconf 90' lang='lat' dir='ltr'>uu·</span> 
     </span>
    </p>
   </div>
   <div class='ocr_carea' id='block_1_15' title="bbox 315 4841 1951 4917">
    <p class='ocr_par' dir='ltr' id='par_1_18' title="bbox 315 4841 1951 4917">
     <span class='ocr_line' id='line_1_54' title="bbox 315 4841 1951 4917; baseline 0.001 -16"><span class='ocrx_word' id='word_1_621' title='bbox 315 4859 374 4916; x_wconf 77' lang='lat' dir='ltr'>quac</span> <span class='ocrx_word' id='word_1_622' title='bbox 387 4843 535 4916; x_wconf 77' lang='lat' dir='ltr'>perfectam</span> <span class='ocrx_word' id='word_1_623' title='bbox 547 4843 596 4898; x_wconf 84' lang='lat' dir='ltr'>Dei</span> <span class='ocrx_word' id='word_1_624' title='bbox 608 4843 778 4899; x_wconf 80' lang='lat' dir='ltr'>divinitatem</span> <span class='ocrx_word' id='word_1_625' title='bbox 802 4850 830 4898; x_wconf 90' lang='lat' dir='ltr'>et</span> <span class='ocrx_word' id='word_1_626' title='bbox 846 4841 993 4912; x_wconf 85' lang='lat' dir='ltr'>perlectam</span> <span class='ocrx_word' id='word_1_627' title='bbox 1009 4843 1105 4898; x_wconf 90' lang='lat' dir='ltr'>huma·</span> <span class='ocrx_word' id='word_1_628' title='bbox 1158 4860 1245 4911; x_wconf 90' lang='lat' dir='ltr'>mero,</span> <span class='ocrx_word' id='word_1_629' title='bbox 1265 4845 1328 4916; x_wconf 88' lang='lat' dir='ltr'>quia</span> <span class='ocrx_word' id='word_1_630' title='bbox 1353 4844 1445 4900; x_wconf 88' lang='lat' dir='ltr'>multis</span> <span class='ocrx_word' id='word_1_631' title='bbox 1471 4843 1652 4899; x_wconf 89' lang='lat' dir='ltr'>idololatriam</span> <span class='ocrx_word' id='word_1_632' title='bbox 1675 4844 1852 4915; x_wconf 89' lang='lat' dir='ltr'>sequentibus</span> <span class='ocrx_word' id='word_1_633' title='bbox 1870 4845 1951 4917; x_wconf 85' lang='lat' dir='ltr'>pauci</span> 
     </span>
    </p>
   </div>
   <div class='ocr_carea' id='block_1_16' title="bbox 312 4932 1111 6101">
    <p class='ocr_par' dir='ltr' id='par_1_19' title="bbox 312 4932 1109 5648">
     <span class='ocr_line' id='line_1_55' title="bbox 314 4932 1105 5003; baseline -0.003 -11"><span class='ocrx_word' id='word_1_634' title='bbox 314 4937 428 4992; x_wconf 61' lang='lat' dir='ltr'>niumm</span> <span class='ocrx_word' id='word_1_635' title='bbox 440 4935 535 4999; x_wconf 89' lang='lat' dir='ltr'>tradit,</span> <span class='ocrx_word' id='word_1_636' title='bbox 550 4948 601 4990; x_wconf 90' lang='lat' dir='ltr'>nee</span> <span class='ocrx_word' id='word_1_637' title='bbox 616 4933 695 4989; x_wconf 85' lang='lat' dir='ltr'>aliter</span> <span class='ocrx_word' id='word_1_638' title='bbox 715 4932 794 5003; x_wconf 89' lang='lat' dir='ltr'>coqui</span> <span class='ocrx_word' id='word_1_639' title='bbox 819 4933 872 4989; x_wconf 89' lang='lat' dir='ltr'>nisi</span> <span class='ocrx_word' id='word_1_640' title='bbox 900 4947 949 5003; x_wconf 89' lang='lat' dir='ltr'>per</span> <span class='ocrx_word' id='word_1_641' title='bbox 962 4933 1042 4988; x_wconf 82' lang='lat' dir='ltr'>talem</span> <span class='ocrx_word' id='word_1_642' title='bbox 1056 4934 1105 4990; x_wconf 91' lang='lat' dir='ltr'>do-</span> 
     </span>
     <span class='ocr_line' id='line_1_56' title="bbox 313 5024 1108 5097; baseline -0.01 -12"><span class='ocrx_word' id='word_1_643' title='bbox 313 5028 431 5085; x_wconf 81' lang='lat' dir='ltr'>ctrinam</span> <span class='ocrx_word' id='word_1_644' title='bbox 457 5027 572 5097; x_wconf 87' lang='lat' dir='ltr'>possint.</span> <span class='ocrx_word' id='word_1_645' title='bbox 590 5024 643 5081; x_wconf 86' lang='lat' dir='ltr'>Sed</span> <span class='ocrx_word' id='word_1_646' title='bbox 669 5024 794 5095; x_wconf 77' lang='lat' dir='ltr'>primitie</span> <span class='ocrx_word' id='word_1_647' title='bbox 818 5033 879 5080; x_wconf 88' lang='lat' dir='ltr'>sant</span> <span class='ocrx_word' id='word_1_648' title='bbox 900 5024 1035 5079; x_wconf 77' lang='lat' dir='ltr'>Dominio:</span> <span class='ocrx_word' id='word_1_649' title='bbox 1053 5025 1108 5094; x_wconf 90' lang='lat' dir='ltr'>pri-</span> 
     </span>
     <span class='ocr_line' id='line_1_57' title="bbox 313 5113 1107 5185; baseline -0.01 -10"><span class='ocrx_word' id='word_1_650' title='bbox 313 5118 477 5176; x_wconf 73' lang='lat' dir='ltr'>neamenim</span> <span class='ocrx_word' id='word_1_651' title='bbox 504 5116 633 5172; x_wconf 83' lang='lat' dir='ltr'>Dominus</span> <span class='ocrx_word' id='word_1_652' title='bbox 658 5130 719 5170; x_wconf 85' lang='lat' dir='ltr'>euru</span> <span class='ocrx_word' id='word_1_653' title='bbox 738 5113 824 5185; x_wconf 75' lang='lat' dir='ltr'>legem</span> <span class='ocrx_word' id='word_1_654' title='bbox 842 5114 956 5185; x_wconf 77' lang='lat' dir='ltr'>perfecit</span> <span class='ocrx_word' id='word_1_655' title='bbox 969 5122 994 5169; x_wconf 91' lang='grc' dir='ltr'>ει</span> <span class='ocrx_word' id='word_1_656' title='bbox 1018 5114 1107 5168; x_wconf 82' lang='lat' dir='ltr'>Eran-</span> 
     </span>
     <span class='ocr_line' id='line_1_58' title="bbox 313 5206 1109 5282; baseline -0.008 -17"><span class='ocrx_word' id='word_1_657' title='bbox 313 5208 414 5282; x_wconf 69' lang='lat' dir='ltr'>pliam</span> <span class='ocrx_word' id='word_1_658' title='bbox 431 5207 558 5281; x_wconf 88' lang='lat' dir='ltr'>posthoc</span> <span class='ocrx_word' id='word_1_659' title='bbox 573 5207 687 5263; x_wconf 88' lang='lat' dir='ltr'>docuit:</span> <span class='ocrx_word' id='word_1_660' title='bbox 699 5206 794 5261; x_wconf 78' lang='lat' dir='ltr'>Audite</span> <span class='ocrx_word' id='word_1_661' title='bbox 807 5208 870 5278; x_wconf 81' lang='lat' dir='ltr'>qaia</span> <span class='ocrx_word' id='word_1_662' title='bbox 886 5207 986 5260; x_wconf 86' lang='lat' dir='ltr'>dictum</span> <span class='ocrx_word' id='word_1_663' title='bbox 1009 5216 1047 5261; x_wconf 84' lang='lat' dir='ltr'>est</span> <span class='ocrx_word' id='word_1_664' title='bbox 1061 5223 1109 5260; x_wconf 89' lang='lat' dir='ltr'>an-</span> 
     </span>
     <span class='ocr_line' id='line_1_59' title="bbox 312 5299 1107 5373; baseline -0.001 -16"><span class='ocrx_word' id='word_1_665' title='bbox 312 5301 405 5373; x_wconf 76' lang='lat' dir='ltr'>thsis,</span> <span class='ocrx_word' id='word_1_666' title='bbox 419 5316 474 5355; x_wconf 90' lang='lat' dir='ltr'>non</span> <span class='ocrx_word' id='word_1_667' title='bbox 488 5300 599 5363; x_wconf 71' lang='lat' dir='ltr'>candes,</span> <span class='ocrx_word' id='word_1_668' title='bbox 614 5316 661 5370; x_wconf 81' lang='lat' dir='ltr'>epo</span> <span class='ocrx_word' id='word_1_669' title='bbox 688 5308 775 5354; x_wconf 86' lang='lat' dir='ltr'>autem</span> <span class='ocrx_word' id='word_1_670' title='bbox 793 5299 851 5353; x_wconf 89' lang='lat' dir='ltr'>dico</span> <span class='ocrx_word' id='word_1_671' title='bbox 865 5299 946 5365; x_wconf 83' lang='lat' dir='ltr'>uobis,</span> <span class='ocrx_word' id='word_1_672' title='bbox 962 5301 1047 5355; x_wconf 77' lang='lat' dir='ltr'>oannis</span> <span class='ocrx_word' id='word_1_673' title='bbox 1062 5302 1107 5371; x_wconf 90' lang='lat' dir='ltr'>qui</span> 
     </span>
     <span class='ocr_line' id='line_1_60' title="bbox 312 5388 1107 5471; baseline 0 -25"><span class='ocrx_word' id='word_1_674' title='bbox 312 5389 440 5447; x_wconf 67' lang='lat' dir='ltr'>{sumtus</span> <span class='ocrx_word' id='word_1_675' title='bbox 451 5389 529 5471; x_wconf 71' lang='lat' dir='ltr'>sistri</span> <span class='ocrx_word' id='word_1_676' title='bbox 541 5404 589 5443; x_wconf 90' lang='lat' dir='ltr'>suo</span> <span class='ocrx_word' id='word_1_677' title='bbox 603 5388 658 5443; x_wconf 86' lang='lat' dir='ltr'>sinc</span> <span class='ocrx_word' id='word_1_678' title='bbox 670 5405 764 5453; x_wconf 82' lang='lat' dir='ltr'>causa,</span> <span class='ocrx_word' id='word_1_679' title='bbox 775 5406 834 5444; x_wconf 84' lang='lat' dir='ltr'>reus</span> <span class='ocrx_word' id='word_1_680' title='bbox 848 5391 896 5444; x_wconf 85' lang='lat' dir='ltr'>erit</span> <span class='ocrx_word' id='word_1_681' title='bbox 909 5391 1023 5460; x_wconf 80' lang='lat' dir='ltr'>judicio.</span> <span class='ocrx_word' id='word_1_682' title='bbox 1035 5390 1107 5447; x_wconf 87' lang='lat' dir='ltr'>Con·</span> 
     </span>
     <span class='ocr_line' id='line_1_61' title="bbox 312 5480 1109 5556; baseline 0.008 -20"><span class='ocrx_word' id='word_1_683' title='bbox 312 5480 404 5554; x_wconf 69' lang='lat' dir='ltr'>inurit</span> <span class='ocrx_word' id='word_1_684' title='bbox 423 5483 497 5536; x_wconf 80' lang='lat' dir='ltr'>enias</span> <span class='ocrx_word' id='word_1_685' title='bbox 520 5481 566 5536; x_wconf 91' lang='lat' dir='ltr'>bic</span> <span class='ocrx_word' id='word_1_686' title='bbox 578 5481 663 5554; x_wconf 75' lang='lat' dir='ltr'>legem</span> <span class='ocrx_word' id='word_1_687' title='bbox 678 5480 823 5554; x_wconf 79' lang='lat' dir='ltr'>Evangelio</span> <span class='ocrx_word' id='word_1_688' title='bbox 840 5486 1035 5556; x_wconf 88' lang='lat' dir='ltr'>propterquod</span> <span class='ocrx_word' id='word_1_689' title='bbox 1050 5484 1109 5554; x_wconf 83' lang='lat' dir='ltr'>ejus</span> 
     </span>
     <span class='ocr_line' id='line_1_62' title="bbox 315 5572 592 5648; baseline -0.011 -19"><span class='ocrx_word' id='word_1_690' title='bbox 315 5573 442 5648; x_wconf 68' lang='lat' dir='ltr'>primitiae</span> <span class='ocrx_word' id='word_1_691' title='bbox 455 5572 592 5628; x_wconf 87' lang='lat' dir='ltr'>dicuntur.</span> 
     </span>
    </p>

    <p class='ocr_par' dir='ltr' id='par_1_20' title="bbox 315 5663 1111 6101">
     <span class='ocr_line' id='line_1_63' title="bbox 353 5663 1111 5738; baseline 0.001 -18"><span class='ocrx_word' id='word_1_692' title='bbox 353 5663 387 5720; x_wconf 77' lang='lat' dir='ltr'>m</span> <span class='ocrx_word' id='word_1_693' title='bbox 399 5664 524 5720; x_wconf 71' lang='lat' dir='ltr'>uocabula</span> <span class='ocrx_word' id='word_1_694' title='bbox 535 5665 604 5718; x_wconf 85' lang='lat' dir='ltr'>lsasrc</span> <span class='ocrx_word' id='word_1_695' title='bbox 619 5663 687 5719; x_wconf 85' lang='lat' dir='ltr'>diem</span> <span class='ocrx_word' id='word_1_696' title='bbox 703 5663 897 5719; x_wconf 74' lang='lat' dir='ltr'>celeberrimam</span> <span class='ocrx_word' id='word_1_697' title='bbox 912 5676 989 5738; x_wconf 84' lang='lat' dir='ltr'>utque</span> <span class='ocrx_word' id='word_1_698' title='bbox 1001 5668 1111 5721; x_wconf 87' lang='lat' dir='ltr'>sanctis·</span> 
     </span>
     <span class='ocr_line' id='line_1_64' title="bbox 315 5753 1108 5830; baseline 0.001 -19"><span class='ocrx_word' id='word_1_699' title='bbox 315 5753 433 5811; x_wconf 66' lang='lat' dir='ltr'>sinam</span> <span class='ocrx_word' id='word_1_700' title='bbox 452 5771 528 5809; x_wconf 84' lang='lat' dir='ltr'>omne</span> <span class='ocrx_word' id='word_1_701' title='bbox 551 5771 615 5825; x_wconf 86' lang='lat' dir='ltr'>opus</span> <span class='ocrx_word' id='word_1_702' title='bbox 635 5754 726 5810; x_wconf 84' lang='lat' dir='ltr'>seruile</span> <span class='ocrx_word' id='word_1_703' title='bbox 740 5772 791 5810; x_wconf 90' lang='lat' dir='ltr'>nou</span> <span class='ocrx_word' id='word_1_704' title='bbox 807 5756 909 5825; x_wconf 75' lang='lat' dir='ltr'>societis</span> <span class='ocrx_word' id='word_1_705' title='bbox 930 5759 958 5811; x_wconf 89' lang='lat' dir='ltr'>in</span> <span class='ocrx_word' id='word_1_706' title='bbox 972 5774 1011 5812; x_wconf 86' lang='lat' dir='ltr'>eo.</span> <span class='ocrx_word' id='word_1_707' title='bbox 1032 5757 1108 5830; x_wconf 84' lang='lat' dir='ltr'>Lepi-</span> 
     </span>
     <span class='ocr_line' id='line_1_65' title="bbox 316 5844 1110 5915; baseline 0.001 -15"><span class='ocrx_word' id='word_1_708' title='bbox 316 5846 410 5900; x_wconf 80' lang='lat' dir='ltr'>tisnssn</span> <span class='ocrx_word' id='word_1_709' title='bbox 424 5846 608 5915; x_wconf 74' lang='lat' dir='ltr'>smpiternam</span> <span class='ocrx_word' id='word_1_710' title='bbox 623 5846 672 5899; x_wconf 86' lang='lat' dir='ltr'>erit</span> <span class='ocrx_word' id='word_1_711' title='bbox 690 5845 719 5898; x_wconf 85' lang='lat' dir='ltr'>in</span> <span class='ocrx_word' id='word_1_712' title='bbox 747 5846 848 5899; x_wconf 87' lang='lat' dir='ltr'>cunctis</span> <span class='ocrx_word' id='word_1_713' title='bbox 869 5844 1026 5900; x_wconf 77' lang='lat' dir='ltr'>habitaculis</span> <span class='ocrx_word' id='word_1_714' title='bbox 1044 5857 1068 5901; x_wconf 92' lang='lat' dir='ltr'>et</span> <span class='ocrx_word' id='word_1_715' title='bbox 1082 5847 1110 5901; x_wconf 86' lang='lat' dir='ltr'>in</span> 
     </span>
     <span class='ocr_line' id='line_1_66' title="bbox 315 5934 1109 6007; baseline 0.005 -18"><span class='ocrx_word' id='word_1_716' title='bbox 315 5935 528 6007; x_wconf 77' lang='lat' dir='ltr'>pencrmionibas</span> <span class='ocrx_word' id='word_1_717' title='bbox 552 5935 652 5990; x_wconf 83' lang='lat' dir='ltr'>cestris.</span> <span class='ocrx_word' id='word_1_718' title='bbox 680 5934 750 6002; x_wconf 82' lang='lat' dir='ltr'>Quid</span> <span class='ocrx_word' id='word_1_719' title='bbox 775 5950 840 6007; x_wconf 81' lang='lat' dir='ltr'>ergo</span> <span class='ocrx_word' id='word_1_720' title='bbox 853 5936 879 5991; x_wconf 93' lang='lat' dir='ltr'>in</span> <span class='ocrx_word' id='word_1_721' title='bbox 893 5951 926 5991; x_wconf 91' lang='lat' dir='ltr'>ca</span> <span class='ocrx_word' id='word_1_722' title='bbox 945 5936 1068 6006; x_wconf 89' lang='lat' dir='ltr'>estquod</span> <span class='ocrx_word' id='word_1_723' title='bbox 1083 5938 1109 5993; x_wconf 89' lang='lat' dir='ltr'>in</span> 
     </span>
     <span class='ocr_line' id='line_1_67' title="bbox 317 6026 1108 6101; baseline 0.001 -17"><span class='ocrx_word' id='word_1_724' title='bbox 317 6027 362 6084; x_wconf 89' lang='lat' dir='ltr'>his</span> <span class='ocrx_word' id='word_1_725' title='bbox 371 6026 500 6085; x_wconf 80' lang='lat' dir='ltr'>excellit:</span> <span class='ocrx_word' id='word_1_726' title='bbox 526 6041 591 6085; x_wconf 84' lang='lat' dir='ltr'>eece</span> <span class='ocrx_word' id='word_1_727' title='bbox 608 6028 680 6085; x_wconf 87' lang='lat' dir='ltr'>enim</span> <span class='ocrx_word' id='word_1_728' title='bbox 695 6035 722 6085; x_wconf 88' lang='lat' dir='ltr'>et</span> <span class='ocrx_word' id='word_1_729' title='bbox 741 6027 809 6085; x_wconf 85' lang='lat' dir='ltr'>alios</span> <span class='ocrx_word' id='word_1_730' title='bbox 822 6028 879 6086; x_wconf 89' lang='lat' dir='ltr'>dies</span> <span class='ocrx_word' id='word_1_731' title='bbox 893 6035 1003 6087; x_wconf 88' lang='lat' dir='ltr'>sanctos</span> <span class='ocrx_word' id='word_1_732' title='bbox 1015 6030 1108 6101; x_wconf 84' lang='lat' dir='ltr'>appel-</span> 
     </span>
    </p>
   </div>
   <div class='ocr_carea' id='block_1_17' title="bbox 1158 4931 1954 6105">
    <p class='ocr_par' dir='ltr' id='par_1_21' title="bbox 1158 4931 1954 6105">
     <span class='ocr_line' id='line_1_68' title="bbox 1158 4931 1950 5009; baseline 0.005 -19"><span class='ocrx_word' id='word_1_733' title='bbox 1158 4942 1368 5006; x_wconf 88' lang='lat' dir='ltr'>permanserunt</span> <span class='ocrx_word' id='word_1_734' title='bbox 1392 4933 1494 4991; x_wconf 89' lang='lat' dir='ltr'>lldelcs.</span> <span class='ocrx_word' id='word_1_735' title='bbox 1511 4931 1564 4988; x_wconf 85' lang='lat' dir='ltr'>Sed</span> <span class='ocrx_word' id='word_1_736' title='bbox 1578 4943 1721 5004; x_wconf 89' lang='lat' dir='ltr'>postquam</span> <span class='ocrx_word' id='word_1_737' title='bbox 1736 4951 1785 5006; x_wconf 91' lang='lat' dir='ltr'>per</span> <span class='ocrx_word' id='word_1_738' title='bbox 1806 4936 1873 5009; x_wconf 77' lang='lat' dir='ltr'>legis</span> <span class='ocrx_word' id='word_1_739' title='bbox 1885 4953 1950 4994; x_wconf 88' lang='lat' dir='ltr'>eou-</span> 
     </span>
     <span class='ocr_line' id='line_1_69' title="bbox 1159 5027 1950 5098; baseline 0.001 -14"><span class='ocrx_word' id='word_1_740' title='bbox 1159 5027 1289 5084; x_wconf 87' lang='lat' dir='ltr'>ditionem</span> <span class='ocrx_word' id='word_1_741' title='bbox 1316 5027 1408 5098; x_wconf 90' lang='lat' dir='ltr'>plures</span> <span class='ocrx_word' id='word_1_742' title='bbox 1420 5035 1611 5094; x_wconf 79' lang='lat' dir='ltr'>exercuerant,</span> <span class='ocrx_word' id='word_1_743' title='bbox 1627 5027 1673 5098; x_wconf 92' lang='lat' dir='ltr'>qui</span> <span class='ocrx_word' id='word_1_744' title='bbox 1689 5028 1832 5084; x_wconf 86' lang='lat' dir='ltr'>seientiam</span> <span class='ocrx_word' id='word_1_745' title='bbox 1846 5037 1873 5085; x_wconf 90' lang='lat' dir='ltr'>et</span> <span class='ocrx_word' id='word_1_746' title='bbox 1888 5044 1950 5085; x_wconf 89' lang='lat' dir='ltr'>cre-</span> 
     </span>
     <span class='ocr_line' id='line_1_70' title="bbox 1159 5115 1951 5192; baseline 0.003 -18"><span class='ocrx_word' id='word_1_747' title='bbox 1159 5118 1299 5175; x_wconf 87' lang='lat' dir='ltr'>dulitatem</span> <span class='ocrx_word' id='word_1_748' title='bbox 1312 5117 1392 5172; x_wconf 89' lang='lat' dir='ltr'>unius</span> <span class='ocrx_word' id='word_1_749' title='bbox 1404 5116 1451 5172; x_wconf 81' lang='lat' dir='ltr'>bet</span> <span class='ocrx_word' id='word_1_750' title='bbox 1462 5131 1619 5187; x_wconf 85' lang='lat' dir='ltr'>percepere,</span> <span class='ocrx_word' id='word_1_751' title='bbox 1635 5115 1792 5174; x_wconf 84' lang='lat' dir='ltr'>alllixerunt</span> <span class='ocrx_word' id='word_1_752' title='bbox 1806 5133 1854 5176; x_wconf 83' lang='lat' dir='ltr'>eos</span> <span class='ocrx_word' id='word_1_753' title='bbox 1865 5119 1951 5192; x_wconf 53' lang='grc' dir='ltr'>ΔΕΜ·</span> 
     </span>
     <span class='ocr_line' id='line_1_71' title="bbox 1160 5206 1950 5280; baseline 0.004 -18"><span class='ocrx_word' id='word_1_754' title='bbox 1160 5208 1209 5279; x_wconf 94' lang='lat' dir='ltr'>ptii</span> <span class='ocrx_word' id='word_1_755' title='bbox 1221 5208 1367 5279; x_wconf 90' lang='lat' dir='ltr'>spiritales,</span> <span class='ocrx_word' id='word_1_756' title='bbox 1386 5206 1496 5277; x_wconf 71' lang='lat' dir='ltr'>maligui</span> <span class='ocrx_word' id='word_1_757' title='bbox 1524 5207 1629 5264; x_wconf 89' lang='lat' dir='ltr'>seilicet</span> <span class='ocrx_word' id='word_1_758' title='bbox 1653 5208 1775 5279; x_wconf 87' lang='lat' dir='ltr'>spiritus,</span> <span class='ocrx_word' id='word_1_759' title='bbox 1802 5210 1849 5280; x_wconf 90' lang='lat' dir='ltr'>qui</span> <span class='ocrx_word' id='word_1_760' title='bbox 1863 5210 1950 5280; x_wconf 91' lang='lat' dir='ltr'>impo-</span> 
     </span>
     <span class='ocr_line' id='line_1_72' title="bbox 1162 5295 1954 5370; baseline 0 -16"><span class='ocrx_word' id='word_1_761' title='bbox 1162 5305 1257 5354; x_wconf 87' lang='lat' dir='ltr'>nentes</span> <span class='ocrx_word' id='word_1_762' title='bbox 1283 5311 1367 5352; x_wconf 91' lang='lat' dir='ltr'>0nera</span> <span class='ocrx_word' id='word_1_763' title='bbox 1393 5295 1553 5369; x_wconf 77' lang='lat' dir='ltr'>grauissima</span> <span class='ocrx_word' id='word_1_764' title='bbox 1570 5305 1743 5366; x_wconf 86' lang='lat' dir='ltr'>peecatorum</span> <span class='ocrx_word' id='word_1_765' title='bbox 1757 5307 1954 5370; x_wconf 89' lang='lat' dir='ltr'>oppressemnt</span> 
     </span>
     <span class='ocr_line' id='line_1_73' title="bbox 1161 5387 1954 5469; baseline -0.001 -23"><span class='ocrx_word' id='word_1_766' title='bbox 1161 5404 1246 5459; x_wconf 73' lang='lat' dir='ltr'>penus</span> <span class='ocrx_word' id='word_1_767' title='bbox 1263 5391 1422 5446; x_wconf 87' lang='lat' dir='ltr'>humanum.</span> <span class='ocrx_word' id='word_1_768' title='bbox 1440 5387 1493 5443; x_wconf 90' lang='lat' dir='ltr'>Sed</span> <span class='ocrx_word' id='word_1_769' title='bbox 1507 5389 1580 5444; x_wconf 81' lang='lat' dir='ltr'>licus</span> <span class='ocrx_word' id='word_1_770' title='bbox 1604 5388 1774 5459; x_wconf 88' lang='lat' dir='ltr'>omnipotens</span> <span class='ocrx_word' id='word_1_771' title='bbox 1788 5390 1913 5469; x_wconf 86' lang='lat' dir='ltr'>eonditor</span> <span class='ocrx_word' id='word_1_772' title='bbox 1925 5398 1954 5445; x_wconf 90' lang='lat' dir='ltr'>et</span> 
     </span>
     <span class='ocr_line' id='line_1_74' title="bbox 1161 5481 1953 5553; baseline -0.004 -13"><span class='ocrx_word' id='word_1_773' title='bbox 1161 5492 1269 5541; x_wconf 89' lang='lat' dir='ltr'>creator</span> <span class='ocrx_word' id='word_1_774' title='bbox 1286 5489 1380 5539; x_wconf 85' lang='lat' dir='ltr'>noster</span> <span class='ocrx_word' id='word_1_775' title='bbox 1401 5481 1520 5553; x_wconf 85' lang='lat' dir='ltr'>respexit</span> <span class='ocrx_word' id='word_1_776' title='bbox 1542 5481 1724 5538; x_wconf 89' lang='lat' dir='ltr'>humilitatem</span> <span class='ocrx_word' id='word_1_777' title='bbox 1739 5491 1859 5539; x_wconf 86' lang='lat' dir='ltr'>nostram</span> <span class='ocrx_word' id='word_1_778' title='bbox 1873 5491 1901 5540; x_wconf 90' lang='lat' dir='ltr'>et</span> <span class='ocrx_word' id='word_1_779' title='bbox 1913 5483 1953 5537; x_wconf 87' lang='lat' dir='ltr'>la·</span> 
     </span>
     <span class='ocr_line' id='line_1_75' title="bbox 1161 5573 1953 5645; baseline 0 -14"><span class='ocrx_word' id='word_1_780' title='bbox 1161 5576 1255 5631; x_wconf 81' lang='lat' dir='ltr'>borean</span> <span class='ocrx_word' id='word_1_781' title='bbox 1269 5581 1350 5645; x_wconf 89' lang='lat' dir='ltr'>atque</span> <span class='ocrx_word' id='word_1_782' title='bbox 1361 5573 1524 5644; x_wconf 79' lang='lat' dir='ltr'>angustiam,</span> <span class='ocrx_word' id='word_1_783' title='bbox 1548 5580 1576 5627; x_wconf 90' lang='lat' dir='ltr'>et</span> <span class='ocrx_word' id='word_1_784' title='bbox 1588 5574 1663 5629; x_wconf 88' lang='lat' dir='ltr'>misit</span> <span class='ocrx_word' id='word_1_785' title='bbox 1675 5573 1843 5645; x_wconf 81' lang='lat' dir='ltr'>irnigenitnnr</span> <span class='ocrx_word' id='word_1_786' title='bbox 1853 5573 1953 5631; x_wconf 81' lang='lat' dir='ltr'>Filium</span> 
     </span>
     <span class='ocr_line' id='line_1_76' title="bbox 1162 5663 1952 5734; baseline -0.001 -13"><span class='ocrx_word' id='word_1_787' title='bbox 1162 5680 1240 5721; x_wconf 85' lang='lat' dir='ltr'>suurn</span> <span class='ocrx_word' id='word_1_788' title='bbox 1254 5664 1301 5734; x_wconf 91' lang='lat' dir='ltr'>qui</span> <span class='ocrx_word' id='word_1_789' title='bbox 1316 5680 1412 5720; x_wconf 88' lang='lat' dir='ltr'>manus</span> <span class='ocrx_word' id='word_1_790' title='bbox 1426 5663 1475 5721; x_wconf 85' lang='lat' dir='ltr'>Dei</span> <span class='ocrx_word' id='word_1_791' title='bbox 1499 5671 1527 5719; x_wconf 90' lang='grc' dir='ltr'>ει</span> <span class='ocrx_word' id='word_1_792' title='bbox 1539 5664 1681 5719; x_wconf 81' lang='lat' dir='ltr'>brachium</span> <span class='ocrx_word' id='word_1_793' title='bbox 1697 5664 1808 5732; x_wconf 89' lang='lat' dir='ltr'>dieitur,</span> <span class='ocrx_word' id='word_1_794' title='bbox 1822 5673 1853 5719; x_wconf 90' lang='lat' dir='ltr'>ut</span> <span class='ocrx_word' id='word_1_795' title='bbox 1865 5665 1952 5734; x_wconf 86' lang='lat' dir='ltr'>eripe·</span> 
     </span>
     <span class='ocr_line' id='line_1_77' title="bbox 1161 5756 1952 5828; baseline -0.003 -14"><span class='ocrx_word' id='word_1_796' title='bbox 1161 5766 1203 5814; x_wconf 89' lang='lat' dir='ltr'>ret</span> <span class='ocrx_word' id='word_1_797' title='bbox 1214 5772 1263 5813; x_wconf 93' lang='lat' dir='ltr'>nos</span> <span class='ocrx_word' id='word_1_798' title='bbox 1274 5756 1308 5812; x_wconf 91' lang='lat' dir='ltr'>de</span> <span class='ocrx_word' id='word_1_799' title='bbox 1319 5764 1454 5828; x_wconf 86' lang='lat' dir='ltr'>potestate</span> <span class='ocrx_word' id='word_1_800' title='bbox 1468 5757 1641 5813; x_wconf 88' lang='lat' dir='ltr'>tenebrarum</span> <span class='ocrx_word' id='word_1_801' title='bbox 1655 5765 1683 5813; x_wconf 90' lang='lat' dir='ltr'>et</span> <span class='ocrx_word' id='word_1_802' title='bbox 1693 5756 1854 5813; x_wconf 80' lang='lat' dir='ltr'>transferret</span> <span class='ocrx_word' id='word_1_803' title='bbox 1871 5756 1899 5812; x_wconf 91' lang='lat' dir='ltr'>in</span> <span class='ocrx_word' id='word_1_804' title='bbox 1913 5757 1952 5812; x_wconf 83' lang='lat' dir='ltr'>lo·</span> 
     </span>
     <span class='ocr_line' id='line_1_78' title="bbox 1161 5847 1952 5921; baseline -0.006 -14"><span class='ocrx_word' id='word_1_805' title='bbox 1161 5865 1223 5907; x_wconf 89' lang='lat' dir='ltr'>cum</span> <span class='ocrx_word' id='word_1_806' title='bbox 1240 5850 1324 5921; x_wconf 86' lang='lat' dir='ltr'>pacis,</span> <span class='ocrx_word' id='word_1_807' title='bbox 1344 5857 1479 5919; x_wconf 89' lang='lat' dir='ltr'>qnatenus</span> <span class='ocrx_word' id='word_1_808' title='bbox 1504 5849 1553 5906; x_wconf 89' lang='lat' dir='ltr'>lilii</span> <span class='ocrx_word' id='word_1_809' title='bbox 1570 5849 1641 5907; x_wconf 89' lang='lat' dir='ltr'>lueis</span> <span class='ocrx_word' id='word_1_810' title='bbox 1664 5848 1853 5906; x_wconf 82' lang='lat' dir='ltr'>efficeremur:</span> <span class='ocrx_word' id='word_1_811' title='bbox 1869 5847 1952 5903; x_wconf 83' lang='lat' dir='ltr'>tradi·</span> 
     </span>
     <span class='ocr_line' id='line_1_79' title="bbox 1161 5939 1951 6013; baseline -0.001 -15"><span class='ocrx_word' id='word_1_812' title='bbox 1161 5942 1253 6013; x_wconf 89' lang='lat' dir='ltr'>ditque</span> <span class='ocrx_word' id='word_1_813' title='bbox 1266 5941 1343 5998; x_wconf 87' lang='lat' dir='ltr'>nobis</span> <span class='ocrx_word' id='word_1_814' title='bbox 1366 5950 1467 5998; x_wconf 84' lang='lat' dir='ltr'>terrum</span> <span class='ocrx_word' id='word_1_815' title='bbox 1482 5942 1550 5997; x_wconf 81' lang='lat' dir='ltr'>lacte</span> <span class='ocrx_word' id='word_1_816' title='bbox 1572 5952 1596 5998; x_wconf 89' lang='lat' dir='ltr'>et</span> <span class='ocrx_word' id='word_1_817' title='bbox 1613 5941 1688 6002; x_wconf 75' lang='lat' dir='ltr'>nette</span> <span class='ocrx_word' id='word_1_818' title='bbox 1712 5949 1863 6006; x_wconf 70' lang='lat' dir='ltr'>manumetis</span> <span class='ocrx_word' id='word_1_819' title='bbox 1877 5959 1884 5994; x_wconf 89' lang='lat'><strong>:</strong></span> <span class='ocrx_word' id='word_1_820' title='bbox 1898 5939 1951 5997; x_wconf 78' lang='lat' dir='ltr'>Eo·</span> 
     </span>
     <span class='ocr_line' id='line_1_80' title="bbox 1160 6028 1954 6105; baseline 0 -16"><span class='ocrx_word' id='word_1_821' title='bbox 1160 6031 1269 6089; x_wconf 87' lang='lat' dir='ltr'>clesiam</span> <span class='ocrx_word' id='word_1_822' title='bbox 1281 6032 1408 6090; x_wconf 81' lang='lat' dir='ltr'>uidelicet</span> <span class='ocrx_word' id='word_1_823' title='bbox 1418 6041 1579 6105; x_wconf 77' lang='lat' dir='ltr'>presentem</span> <span class='ocrx_word' id='word_1_824' title='bbox 1592 6032 1677 6090; x_wconf 90' lang='lat' dir='ltr'>abiet</span> <span class='ocrx_word' id='word_1_825' title='bbox 1689 6030 1731 6089; x_wconf 86' lang='lat' dir='ltr'>lac</span> <span class='ocrx_word' id='word_1_826' title='bbox 1743 6039 1784 6089; x_wconf 82' lang='lat' dir='ltr'>cst</span> <span class='ocrx_word' id='word_1_827' title='bbox 1799 6028 1954 6089; x_wconf 86' lang='lat' dir='ltr'>innocentis</span> 
     </span>
    </p>
   </div>
   <div class='ocr_carea' id='block_1_18' title="bbox 0 0 2271 6836">
    <p class='ocr_par' dir='ltr' id='par_1_22' title="bbox 0 0 2271 6836">
     <span class='ocr_line' id='line_1_81' title="bbox 0 0 2271 6836; baseline 0 0"><span class='ocrx_word' id='word_1_828' title='bbox 0 0 2271 6836; x_wconf 95' lang='lat' dir='ltr'> </span> 
     </span>
    </p>
   </div>
  </div>
 </body>
</html>
