4500 6842
310 538 347 593 tt
772 540 923 599 ttotttttAE
942 541 986 598 be
1004 540 1125 597 restis
1144 540 1349 608 rttAEctt’tits,
1368 541 1445 599 ETC.
1909 550 1943 605 ’ts
2018 609 2022 618 ,

310 653 379 710 riaru
394 650 500 708 iudaici
517 650 675 707 sabbatismi
692 650 806 707 inillam
825 654 979 717 transferre,
992 658 1021 704 ut
1033 649 1105 721 quod
1118 654 1142 714 A
1157 659 1184 706 et
1202 651 1358 717 avaritiam,
1372 659 1506 721 watenes
1526 667 1610 708 unttm
1628 664 1758 725 punctum
1771 658 1823 715 diei
1845 659 1880 715 sd
1893 664 1940 719 liet

309 742 363 813 ipsi
373 742 400 796 in
413 740 568 812 ingerranus
577 741 776 796 celebraremus
786 741 814 795 in
824 742 953 806 veritate3
965 740 1028 809 quia
1042 748 1105 793 tunc
1156 740 1284 807 officinm,
1298 750 1325 797 et
1344 741 1478 811 reliquum
1491 742 1616 798 diurnum
1635 747 1762 815 spatium,
1779 764 1842 805 cunr
1862 764 1943 811 nocte

308 831 362 886 crit
384 831 495 901 requies
511 838 604 885 nostra
625 844 698 895 scra,
714 830 821 898 quando
841 830 1003 885 resurrectio
1024 827 1106 884 luerit
1156 829 1246 894 simul,
1257 829 1290 885 ad
1302 845 1395 886 eorum
1405 831 1547 900 deputetur
1560 833 1719 904 voluptates.
1733 835 1830 905 Nolite,
1845 841 1943 901 iratres

308 928 515 991 peqretrata,et
524 922 705 976 remuneratio
719 921 746 974 in
760 921 850 975 anima
861 931 887 976 et
900 935 1014 991 corpore
1025 920 1106 976 simul
1156 921 1210 975 mei
1226 920 1405 986 dilectissimi,
1427 922 1483 976 baec
1496 921 1595 988 lacere,
1612 925 1696 980 nolite
1712 926 1943 990 benefacientibus

307 1011 443 1083 perlecta.
455 1011 635 1068 observemus
645 1027 709 1084 erqo
722 1012 793 1066 diem
804 1011 1103 1078 Dominieam,lratres,
1155 1012 1328 1078 consentire;
1351 1012 1486 1081 quianon
1510 1013 1597 1067 solum
1613 1014 1659 1084 qui
1681 1015 1739 1071 baec
1759 1016 1873 1086 iaciunt,
1894 1024 1944 1079 sed

308 1109 339 1156 et
357 1101 561 1157 sanctificemus
584 1099 669 1166 illam,
697 1101 768 1157 sicut
789 1100 908 1169 antiquis
933 1100 967 1155 de
991 1100 1105 1155 sabbato
1155 1099 1238 1156 ctiam
1259 1102 1305 1170 qui
1330 1102 1502 1156 consentiunt
1528 1101 1697 1169 iacientibus,
1719 1115 1843 1175 pereunt.
1872 1109 1943 1165 Ante

307 1202 475 1263 preceptum
489 1200 540 1252 est.
555 1192 661 1246 dicente
681 1190 833 1261 legislatore
846 1209 853 1244 ι
866 1191 886 1243 Α
900 1206 1006 1260 uespere
1023 1206 1114 1264 uque,
1154 1191 1244 1247 omniu
1257 1206 1322 1262 erqo
1340 1206 1436 1247 marsus
1451 1192 1478 1245 in
1490 1190 1682 1250 festivitatibus
1698 1195 1783 1252 nolite
1792 1197 1882 1254 dicere
1896 1210 1944 1256 aut

308 1285 345 1338 nd
360 1300 493 1355 uaporem
504 1281 666 1337 celebrabitis
677 1280 787 1335 amicta
805 1290 891 1336 restra
903 1278 996 1352 (lauit.
1012 1278 1101 1352 ιιιιι).
1154 1281 1259 1347 audire,
1270 1281 1318 1338 sed
1327 1282 1380 1337 alio
1391 1290 1511 1352 tempore
1524 1289 1552 1336 et
1565 1282 1751 1352 cumjustitia3
1766 1300 1816 1344 nec
1828 1304 1941 1346 munera

309 1373 457 1428 Videamus
480 1386 515 1425 ue
529 1370 614 1425 otium
634 1376 757 1424 nostrum
770 1384 868 1423 vanum
890 1368 936 1433 sit,
952 1368 1000 1425 sed
1021 1381 1036 1422 e
1054 1383 1102 1424 re-
1154 1371 1310 1441 aecipiendo
1324 1371 1489 1426 subvertatis
1495 1370 1597 1439 judicia
1608 1370 1695 1442 iusim
1706 1376 1779 1445 quia,
1793 1353 1942 1437 secundem

308 1476 388 1531 spera
401 1460 455 1515 diei
479 1457 584 1515 sabbati
599 1472 684 1528 usque
699 1458 733 1513 ud
749 1472 889 1529 vesperam
904 1457 959 1514 dici
970 1458 1102 1515 liomiuici
1153 1460 1259 1515 Domini
1281 1461 1442 1517 sentcmbm
1456 1479 1462 1513 ι
1478 1460 1639 1533 Quocunque
1659 1464 1762 1533 judicto
1779 1468 1942 1538 judicareri-

307 1548 473 1619 sequestrati
487 1563 502 1601 a
516 1546 599 1601 mrali
619 1561 702 1617 opere
719 1554 748 1602 et
766 1547 801 1602 ab
816 1549 891 1603 omni
911 1548 1032 1619 negotiu,
1044 1547 1102 1605 solo
1152 1548 1198 1614 tir,
1205 1548 1374 1618 judicabitur
1386 1549 1418 1604 rie
1430 1550 1501 1605 reiis
1516 1549 1623 1622 (liutein.
1638 1553 1700 1625 ιιι).
1716 1552 1810 1611 Nullus
1819 1569 1940 1614 vestrum

307 1644 401 1698 dirino
411 1643 496 1699 cultui
507 1657 653 1698 necemus:
669 1643 709 1698 sic
719 1658 826 1714 quoque
838 1643 1038 1699 saneudcamus
1049 1643 1102 1701 rite
1151 1656 1181 1696 se
1191 1640 1315 1704 inebriet,
1332 1641 1396 1711 quia
1413 1642 1504 1697 ebrius
1515 1643 1611 1698 insano
1626 1643 1778 1703 simillimus
1788 1656 1838 1701 est.
1853 1648 1943 1707 Nolite

307 1732 452 1789 sabbatum
470 1732 586 1797 Domini,
600 1732 706 1787 dicente
724 1733 837 1787 Domim
850 1751 857 1786 ι
869 1731 952 1788 Omne
968 1750 1032 1803 opus
1047 1750 1100 1790 nos
1152 1734 1179 1790 iu
1191 1734 1347 1791 numinibus
1361 1732 1420 1807 (aie)
1434 1733 1563 1801 bibendo,
1577 1736 1687 1791 uomina
1702 1747 1791 1793 vestra
1806 1739 1896 1797 delere
1907 1741 1942 1799 de

307 1821 411 1890 {uentis
422 1822 450 1876 in
462 1838 502 1876 ee.
516 1822 612 1878 Veniat
624 1837 689 1893 erqo
701 1823 853 1893 cuicunque
864 1823 993 1893 possibile
1007 1824 1053 1890 sit,
1064 1825 1099 1881 sd
1150 1822 1229 1880 coele.
1249 1822 1318 1879 Sunt
1331 1822 1441 1892 quidem
1464 1823 1554 1890 multi,
1576 1826 1646 1893 quod
1659 1826 1736 1897 pejus
1750 1838 1802 1894 est,
1825 1830 1870 1899 qui
1886 1844 1942 1888 non

307 1909 491 1978 vespertinam
505 1920 586 1979 atque
599 1917 758 1963 nocturnam
769 1909 989 1977 celebrationem,
1001 1921 1029 1969 et
1039 1922 1099 1969 oret
1150 1912 1237 1967 solum
1259 1912 1363 1981 seipsas
1377 1910 1521 1976 inebriant,
1547 1913 1597 1970 sed
1614 1917 1698 1971 etiam
1711 1916 1779 1975 alios
1801 1929 1901 1991 coquat
1912 1928 1943 1979 et

306 2001 345 2056 ibi
363 2001 544 2056 inconvento
569 2001 696 2057 Ecclesiae
718 2015 768 2070 pro
786 2004 906 2071 peccatis
924 2004 982 2058 suis
1000 2004 1096 2059 Deum.
1111 1997 1135 2056 B
1149 2000 1274 2070 adierant
1295 2009 1326 2056 ut
1349 2000 1464 2072 amplius
1476 2016 1558 2071 quam
1577 2005 1686 2073 expedit
1705 2006 1808 2073 bibant,
1831 2018 1859 2064 et
1877 2011 1942 2069 iude

306 2090 358 2157 eri
374 2106 441 2146 vcro
456 2091 508 2146 boc
531 2105 584 2146 uon
599 2091 695 2162 possit,
709 2090 805 2146 saltem
826 2092 853 2146 in
874 2093 954 2148 domo
966 2108 1015 2149 sua
1026 2102 1096 2157 eret,
1148 2108 1220 2164 sepe
1240 2092 1312 2147 inter
1328 2106 1376 2148 eos
1389 2101 1538 2148 nascuntur
1546 2093 1638 2165 jurgia
1654 2104 1683 2152 et
1697 2095 1852 2155 homicidia.
1867 2100 1942 2159 Nun·

305 2190 335 2236 ct
352 2197 406 2237 non
420 2182 538 2253 negligat
558 2182 614 2237 lieo
627 2182 732 2238 solvere
747 2190 839 2237 notum
856 2197 888 2239 ac
904 2184 1016 2240 reddere
1030 2201 1097 2256 pen-
1148 2183 1213 2254 quid
1232 2182 1408 2253 perpenditis,
1426 2183 1537 2249 iratres,
1553 2184 1631 2255 cujus
1649 2187 1693 2243 isti
1709 2189 1736 2244 in
1756 2192 1808 2246 boc
1824 2207 1941 2264 sequan-

306 2294 368 2332 suur
382 2277 532 2332 servitutis.
544 2277 572 2331 ln
586 2276 631 2332 die
644 2276 688 2331 illa
700 2291 764 2332 rere
774 2276 864 2332 nullus
876 2291 906 2331 sc
919 2292 934 2331 a
945 2292 1022 2333 saera
1033 2278 1099 2334 mis·
1149 2284 1193 2329 tur
1209 2273 1397 2344 voluntatemi
1410 2272 1514 2327 Ebrieri
1528 2274 1610 2340 enim,
1627 2278 1666 2333 ait
1678 2278 1833 2349 Apostolus,
1853 2293 1878 2337 et
1892 2284 1939 2339 lre-

306 2382 400 2421 sarum
416 2366 598 2422 celebratione
611 2373 728 2436 separet,
741 2380 827 2435 neque
837 2366 939 2422 edesus
952 2366 1014 2437 quis
1025 2366 1098 2422 domi
1148 2365 1251 2420 miride
1265 2380 1372 2436 reqnurn
1387 2364 1437 2419 ber·
1450 2382 1502 2420 nen
1514 2368 1683 2438 possidebunt
1707 2370 1733 2444 (l
1743 2370 1806 2428 Cer.
1821 2382 1870 2445 ιι).
1885 2376 1942 2434 (lb-

306 2465 457 2520 rcmaueat,
474 2457 580 2513 ceteris
593 2456 627 2510 ad
640 2455 782 2512 ecclesiam
798 2456 991 2528 pergentibus;
1010 2473 1099 2528 neque
1148 2469 1227 2510 secra
1242 2469 1300 2521 ros,
1316 2454 1496 2523 dilectissimi,
1511 2465 1603 2526 patres
1623 2469 1651 2516 et
1671 2470 1783 2532 matres,
1796 2464 1895 2525 iratres
1911 2480 1941 2525 et

305 2547 334 2600 iu
347 2548 491 2602 uenatione
503 2561 533 2603 se
547 2554 670 2617 occupet,
682 2556 710 2601 et
727 2546 859 2602 diabolico
877 2548 1045 2617 mancipetur
1057 2544 1098 2605 ui·
1148 2557 1264 2609 sereres,
1288 2557 1337 2612 per
1354 2557 1452 2599 nomen
1472 2543 1579 2602 bonini
1600 2550 1685 2605 uestri
1704 2549 1767 2609 lesu
1784 2553 1894 2618 Christi.
1911 2566 1942 2614 et

307 2640 380 2704 doio,
394 2638 622 2706 circumvagando
639 2652 750 2707 eanrpos
765 2636 899 2701 stellius,
915 2636 1059 2692 clamorem
1069 2645 1099 2694 et
1146 2649 1197 2704 per
1206 2649 1317 2707 regnum
1329 2634 1500 2705 acindicium
1512 2634 1570 2705 ejus
1582 2647 1736 2707 venturum,
1750 2652 1779 2697 ut
1797 2645 1940 2701 subtraba-

304 2732 470 2787 caebinuum
496 2730 630 2797 exaltans,
665 2745 718 2785 non
744 2729 873 2800 gemitum
896 2729 1098 2786 accuratioris
1149 2725 1185 2779 tis
1207 2739 1255 2781 tet
1274 2725 1309 2780 ab
1328 2725 1402 2781 omni
1426 2726 1535 2781 homine
1554 2728 1709 2785 ambulante
1729 2731 1891 2802 inordinate,
1910 2746 1940 2794 et

304 2824 390 2878 rerba
403 2836 436 2875 cx
453 2822 548 2877 intimo
561 2829 671 2891 pectore
689 2820 723 2875 ad
739 2821 823 2875 Deum
836 2818 985 2890 proterens.
1002 2818 1098 2876 Adbuc
1148 2814 1229 2887 dique
1240 2813 1385 2870 urubulctis
1406 2815 1547 2872 secatione
1559 2831 1612 2887 qua
1624 2819 1714 2874 vocati
1736 2821 1812 2889 estis,
1826 2838 1877 2880 nec
1891 2841 1940 2882 ne·

305 2912 512 2984 quoque,qu0d
533 2911 720 2967 detestabilius
730 2917 782 2977 est,
795 2910 878 2979 aliqui
901 2910 934 2965 ad
954 2911 1098 2966 ecclesiam
1148 2906 1255 2978 gliqatis
1276 2905 1408 2961 bonorem
1430 2917 1562 2974 vestrum,
1585 2909 1633 2964 sed
1653 2911 1811 2981 perpendite
1834 2915 1939 2970 redent-

303 3002 457 3067 nenientes,
475 3016 528 3055 nen
544 3001 657 3066 intrant,
673 3015 725 3055 non
741 3000 870 3054 insistunt
891 3000 1027 3069 precibus,
1043 3014 1096 3056 non
1148 2998 1268 3069 ptionem
1282 3006 1392 3069 quemn
1407 2998 1434 3052 in
1449 2997 1557 3054 Christo
1568 2998 1642 3055 iesu.
1656 3001 1717 3057 Filii
1731 3003 1777 3058 liei
1790 3007 1937 3077 nuncupati

305 3096 467 3160 exspectant
478 3103 540 3144 eum
554 3087 662 3143 silentio
682 3098 804 3143 sanctam
819 3087 964 3143 missarum
976 3089 1097 3144 celebra·
1147 3090 1223 3152 estis,
1246 3087 1310 3159 quia
1333 3102 1414 3144 rcrus
1432 3087 1516 3144 Filius
1536 3089 1584 3145 Ilei
1598 3105 1648 3145 ros
1666 3090 1799 3149 liberarit.
1824 3094 1938 3152 Studcte

304 3183 408 3238 dorem
422 3200 428 3234 :
441 3182 489 3237 scd
502 3180 610 3250 quando
624 3180 754 3236 lectiones
763 3179 859 3236 divine
874 3182 946 3236 intus
959 3180 1095 3251 leguntur,
1147 3179 1226 3236 bonis
1245 3180 1366 3235 moribus
1388 3188 1463 3235 tauto
1484 3183 1589 3250 parenti
1607 3183 1725 3254 placere,
1740 3196 1873 3256 quatenus
1887 3204 1937 3247 ros

305 3283 371 3328 tunc
388 3272 441 3343 ipsi
455 3271 521 3326 loris
535 3279 583 3326 aut
601 3286 700 3326 causas
710 3271 801 3326 dicere
813 3280 841 3325 et
858 3270 973 3326 dirersis
987 3271 1097 3327 student
1149 3285 1202 3326 uon
1215 3278 1245 3325 ut
1259 3271 1438 3342 nequissimus
1455 3285 1549 3329 serron
1561 3283 1719 3343 perpetuam
1733 3279 1822 3332 tradat
1832 3281 1866 3336 ad
1879 3294 1938 3350 pm-

305 3362 450 3418 calumniis
467 3362 639 3433 impugnare;
664 3371 712 3417 aut
729 3361 855 3418 videlieet
878 3362 906 3416 in
928 3362 996 3427 alea,
1011 3362 1053 3418 rel
1066 3363 1094 3419 in
1108 3348 1131 3410 C
1147 3377 1220 3428 uara,
1242 3363 1290 3419 sed
1306 3372 1336 3419 ut
1355 3365 1531 3421 charissimes
1549 3366 1620 3422 lilios
1636 3381 1779 3439 supernam
1800 3371 1880 3426 ducat
1901 3370 1938 3427 ad

304 3454 373 3510 loeis
385 3453 525 3508 inutilibus
537 3453 681 3509 insudare:
695 3452 838 3523 aliquoties
851 3454 945 3520 ctiam,
965 3454 1037 3524 quod
1048 3468 1095 3523 pc-
1146 3452 1273 3521 patriam,
1287 3460 1317 3508 ut
1336 3452 1397 3509 sitis
1420 3454 1573 3511 coheredes
1586 3454 1647 3510 Filii
1665 3457 1724 3526 cjns
1740 3455 1804 3514 lesu
1822 3458 1936 3524 Christi,

299 3544 347 3614 jus
359 3554 412 3613 est,
423 3546 506 3616 aliqui
523 3546 605 3600 nimia
618 3544 759 3601 iracundia
772 3546 974 3601 succenduntur
983 3555 1011 3600 et
1021 3560 1096 3599 ama·
1146 3558 1209 3597 cum
1221 3544 1351 3613 quesivit
1362 3552 1390 3598 et
1402 3553 1497 3615 regnat
1510 3545 1581 3601 Deus
1591 3545 1619 3599 in
1634 3547 1736 3602 unitate
1748 3547 1865 3620 Spiritus
1874 3563 1939 3606 suu·

307 3637 418 3693 rissime
429 3638 563 3702 rixantur,
578 3636 613 3691 ita
628 3645 659 3691 ut
672 3636 755 3692 armis
770 3651 800 3692 sc
817 3635 859 3692 rel
874 3634 991 3692 fustibus
1013 3635 1095 3691 alter·
1146 3634 1241 3704 ctiper
1251 3636 1342 3691 omniu
1355 3635 1452 3691 saecula
1467 3635 1636 3692 seculorum.
1651 3638 1747 3693 Amori.

304 3737 397 3783 utrum
420 3728 563 3799 impetant,
587 3736 615 3783 et
637 3743 708 3799 saepe
726 3728 899 3783 homicidium
927 3735 1094 3798 perpetrent.
1421 3747 1561 3806 „0311qu
1581 3749 1659 3806 xm·

304 3823 339 3878 Et
355 3823 410 3877 boc
422 3822 457 3877 ab
475 3821 529 3878 iilis
541 3822 658 3878 maxime
672 3821 703 3875 bt
717 3820 763 3891 qui
776 3819 848 3891 pleni
863 3819 962 3874 invidia
981 3828 1009 3874 et
1022 3819 1094 3885 edio,
1181 3853 1288 3894 ΜΗ
1301 3853 1350 3894 [05
1361 3854 1405 3903 ου,
1422 3855 1448 3893 ,3
1463 3855 1540 3895 ,m
1559 3855 1678 3896 „mm
1691 3855 1857 3899 mmmm
1868 3857 1900 3901 Ε

303 3912 543 3979 diuboloductere,
555 3912 581 3966 in
594 3920 755 3967 conuentum
769 3908 896 3965 Ecclesiae
906 3917 1030 3979 pergunt,
1041 3924 1095 3964 non
1449 3923 1629 3965 rtrtetmnr.

302 4010 335 4056 ut
351 4002 513 4071 semeipsos
533 3999 672 4071 adurent,
696 4000 743 4056 sed
758 4010 789 4055 ut
809 3998 877 4054 alios
894 3998 1001 4054 laedant.
1016 3998 1096 4056 Tales
1181 4000 1314 4056 Gaudium
1334 4010 1376 4056 cst
1397 4002 1463 4058 mibi
1488 4016 1624 4072 magnum,
1648 4003 1748 4057 iratres
1770 4004 1935 4072 cbarissitui,

304 4092 388 4148 etiam
407 4092 430 4147 si
442 4091 590 4147 bonaicidio
603 4090 640 4146 ibi
654 4099 776 4161 pereunt,
788 4097 835 4145 aut
846 4090 934 4145 subita
947 4096 1033 4145 morte
1051 4103 1097 4144 ra·
1146 4093 1271 4159 quadros
1292 4089 1372 4146 siden
1391 4105 1490 4146 nonrcn
1509 4088 1692 4145 Christianum
1707 4090 1829 4163 diligere,
1847 4093 1935 4150 eccle·

303 4184 427 4253 pientur,
442 4199 497 4254 quo
517 4181 594 4248 alias,
614 4184 666 4239 nisi
686 4199 748 4239 eum
765 4183 823 4253 ipso
835 4181 911 4251 cujus
931 4182 1016 4239 secuti
1033 4185 1097 4238 suut
1145 4180 1200 4235 sias
1215 4179 1396 4250 irequcntare,
1418 4178 1580 4248 baptismum
1595 4177 1695 4235 Christi
1715 4179 1777 4235 tiliis
1789 4189 1817 4236 et
1828 4181 1936 4239 illiubus

303 4274 546 4345 uestigia,raduut
562 4273 591 4329 in
606 4284 706 4330 aeterna
719 4268 1096 4329 tormentalliolitebeciu·
1144 4271 1242 4326 uestris
1265 4280 1410 4339 appetere,
1426 4279 1454 4324 et
1478 4270 1536 4325 reri
1560 4267 1610 4323 bei
1633 4268 1718 4324 cultui
1743 4268 1871 4327 studere:
1887 4272 1935 4328 sed

304 4379 379 4429 cere,
389 4362 491 4420 iratres
502 4365 567 4430 mei,
583 4365 665 4421 nolite
680 4365 858 4435 vosmetipsos
871 4364 1005 4435 decipere,
1017 4361 1096 4418 nolite
1144 4360 1222 4415 valde
1234 4359 1312 4415 doleo
1323 4360 1395 4429 quod
1408 4358 1542 4430 aliquibus
1554 4359 1663 4430 ineptiis
1673 4360 1844 4429 plurimuses
1858 4361 1936 4418 robis

303 4455 481 4511 inconvento
505 4463 606 4519 restro,
624 4454 710 4509 iocum
727 4454 791 4508 dure
806 4452 910 4508 diutule
925 4452 1032 4526 (Epirus.
1044 4450 1094 4525 ιι),
1144 4449 1277 4520 obligatos
1289 4464 1383 4505 errare
1404 4448 1550 4520 conspicio,
1579 4459 1607 4504 et
1627 4449 1698 4505 inter
1711 4465 1774 4505 vera
1797 4451 1935 4522 religionis

303 4546 353 4602 sud
373 4545 462 4616 nraqis
480 4545 658 4614 vosmetipsos
681 4552 832 4615 praeparate
851 4543 997 4615 hospitium
1017 4542 1095 4599 curi-
1144 4539 1305 4596 Christianae
1325 4541 1447 4610 quedam
1469 4539 1535 4595 ialsa
1558 4540 1753 4604 intermiscere,
1766 4541 1837 4609 quod
1860 4541 1935 4598 nullo
1977 4539 1979 4543 ’

304 4646 356 4691 stu.
375 4633 434 4690 lion
448 4650 513 4707 ergo
533 4632 599 4690 ioris
612 4633 719 4698 fabulis,
743 4634 790 4689 sed
810 4634 883 4688 intus
897 4633 1052 4704 psalmodia
1065 4642 1094 4689 et
1145 4632 1226 4686 mode
1238 4629 1296 4686 [ieri
1308 4630 1415 4697 debuit;
1425 4631 1554 4701 scriptum
1565 4638 1608 4686 est
1619 4630 1692 4686 enim
1707 4648 1714 4684 ε
1729 4629 1863 4684 llodicrnn
1879 4632 1934 4700 [er-

304 4727 474 4784 oratiunibus
491 4727 607 4783 studete.
623 4724 710 4780 llolite
732 4725 847 4781 invicem
863 4724 889 4779 in
907 4723 1019 4779 ecelesia
1034 4739 1095 4780 rer·
1107 4701 1134 4761 Ῑ)
1147 4729 1263 4774 mentum
1282 4728 1364 4774 toturn
1381 4735 1498 4774 monum
1517 4717 1660 4787 corrumpit
1685 4715 1713 4789 (l
1723 4714 1784 4772 Gor.
1809 4715 1848 4789 ι).
1866 4716 1935 4774 liam

305 4817 408 4882 bosani,
422 4818 471 4872 sed
485 4816 568 4885 quieti
583 4830 652 4871 csse.
676 4813 746 4870 Sunt
764 4814 836 4869 cuim
851 4813 970 4883 plurimi,
986 4822 1013 4869 et
1026 4829 1095 4883 prae-
1145 4826 1207 4867 cum
1218 4820 1281 4865 autc
1291 4810 1349 4866 dies
1361 4810 1463 4880 aliquot
1478 4807 1586 4877 quietus
1598 4806 1671 4861 domi
1690 4821 1838 4866 manerem,
1859 4808 1935 4863 etde

304 4908 382 4978 cipue
395 4907 492 4977 aliquae
512 4906 652 4974 mulieres,
667 4922 727 4976 quse
742 4905 779 4960 ita
802 4905 829 4960 iu
846 4905 959 4961 ecclesia
974 4905 1095 4977 garriunt
1145 4901 1261 4956 utilitate
1273 4909 1375 4965 restra,
1386 4899 1522 4970 quomodo
1535 4895 1685 4966 proiectum
1698 4905 1819 4953 restrum
1839 4897 1866 4953 in
1885 4898 1936 4953 ile-

306 4996 356 5071 [etl
376 4998 415 5053 itu
435 4997 624 5061 verbosantur,
649 5007 679 5050 ut
699 4994 830 5051 lectiones
846 4993 951 5049 divinas
964 5010 1015 5049 nec
1030 4994 1095 5065 ipsae
1146 4993 1219 5047 nrino
1241 4991 1445 5061 amplificarem,
1468 5005 1575 5045 mecum
1594 4999 1751 5055 tractarem,
1775 4992 1865 5046 subito
1877 4991 1935 5061 ipsa

307 5087 426 5150 audiant,
442 5100 493 5141 nec
505 5084 574 5139 alios
590 5083 683 5140 audire
703 5084 871 5155 permittant.
890 5083 1016 5154 Nunquid
1032 5083 1094 5139 talis
1145 5081 1268 5137 diecirca
1278 5095 1418 5150 uesperam
1432 5089 1514 5151 atque
1527 5079 1634 5135 initium
1645 5079 1734 5134 noctis
1749 5088 1823 5134 tanta
1834 5080 1936 5135 uncile-

306 5185 526 5233 eourcntuscum
542 5175 588 5230 tuli
602 5174 706 5241 ordine,
721 5173 820 5229 iratres
833 5174 896 5239 mei,
912 5174 939 5228 in
955 5174 1036 5229 domo
1046 5174 1094 5229 liei
1146 5173 1215 5227 ratio
1227 5172 1317 5243 populi
1332 5170 1445 5235 exstitit,
1462 5178 1491 5225 ut
1509 5169 1697 5240 irreligiositas
1709 5167 1768 5237 cius
1780 5178 1937 5239 penetraret

307 5268 384 5323 debet
398 5266 476 5333 iicri;
499 5274 547 5321 aut
573 5265 665 5321 taliter
690 5265 769 5322 decet
790 5265 817 5319 in
839 5272 983 5334 conspectu
1000 5264 1047 5319 Dei
1067 5273 1095 5320 et
1146 5275 1232 5330 usque
1255 5261 1289 5316 ad
1309 5258 1418 5316 coelum.
1436 5258 1513 5326 Quod
1534 5273 1596 5315 cum
1611 5257 1776 5327 requirerem
1791 5258 1856 5327 quid
1882 5257 1934 5312 sibi

307 5369 461 5415 naumurum
474 5359 630 5431 angelorum
644 5357 702 5428 ejus
714 5356 860 5413 assistere?
870 5356 965 5411 Adbuc
975 5371 1093 5427 quoque,
1146 5350 1248 5406 clamor
1262 5349 1306 5405 bic
1319 5349 1410 5415 veliet,
1426 5349 1552 5404 dixerunt
1573 5348 1640 5403 milri
1652 5347 1724 5419 quod
1742 5346 1874 5403 laboranti
1894 5348 1936 5400 lu·-

307 5448 375 5519 quod
388 5448 467 5504 valde
480 5449 623 5504 delendum
646 5459 698 5515 est,
719 5449 849 5520 conqueri
868 5449 1005 5505 nobiscnm
1021 5449 1091 5514 noto,
1146 5459 1188 5497 nro
1202 5450 1293 5499 vestra
1308 5439 1466 5497 uociferatio
1486 5440 1668 5506 subvenisset,
1683 5446 1711 5494 ct
1731 5436 1863 5495 deiectum
1874 5438 1934 5507 ejus

310 5543 440 5611 quiasunt
449 5542 575 5611 aliquiet
582 5541 698 5597 maxime
707 5550 831 5613 potentes
841 5542 919 5597 istius
927 5542 1092 5610 mundiqui,
1147 5533 1203 5587 suis
1224 5531 1320 5587 studiis
1334 5529 1481 5599 adjuvaret.
1497 5527 1555 5584 liisi
1565 5528 1685 5599 quidem,
1698 5535 1726 5583 et
1740 5527 1854 5582 miratus
1873 5540 1934 5580 sum

309 5644 366 5685 curn
377 5631 492 5687 veniunt
506 5630 540 5686 ad
549 5630 759 5697 ecclesiam‚non
775 5639 838 5687 sunt
851 5630 939 5686 deuoti
953 5631 986 5685 ad
1001 5631 1093 5687 larrdes
1147 5624 1305 5688 vanitatem,
1325 5622 1396 5691 quod
1409 5620 1485 5690 quasi
1501 5618 1591 5675 devoti
1603 5618 1749 5675 Christiani
1760 5616 1816 5672 ileo
1830 5613 1934 5670 iereba-

310 5717 352 5774 bei
364 5720 554 5785 celebrandus,
569 5720 617 5776 sed
629 5728 729 5792 cogunt
747 5721 979 5793 presbyterumet
997 5720 1094 5774 abbre-
1146 5715 1181 5771 tis
1201 5715 1340 5779 auxilium,
1361 5722 1489 5784 tanquam
1512 5713 1569 5783 ipse
1592 5711 1717 5767 indrmns
1735 5719 1763 5766 ot
1780 5706 1933 5772 imbecillis,

309 5812 360 5867 niet
374 5812 524 5869 missumst
537 5813 571 5869 ad
583 5813 688 5869 libitum
704 5828 798 5869 corum
811 5820 917 5877 cantet3
932 5826 982 5866 nec
994 5811 1019 5865 ei
1032 5810 1094 5866 iicet
1146 5809 1197 5864 nisi
1211 5808 1311 5863 nostris
1325 5804 1498 5875 adiuraretur
1513 5805 1634 5870 vocibus,
1652 5818 1706 5859 uon
1719 5800 1803 5872 possit
1818 5798 1934 5852 lumina-

313 5917 410 5960 tuorem
422 5904 632 5962 ecclesiasticum
657 5904 733 5975 sequi
753 5903 982 5975 propterillorum
1004 5901 1093 5974 gulam
1148 5898 1187 5955 ria
1202 5898 1345 5956 delendere
1365 5913 1425 5967 qum
1446 5896 1557 5951 creavit.
1570 5894 1654 5951 Facto
1668 5893 1766 5964 quippe
1785 5903 1866 5944 ritune
1888 5901 1934 5943 se·
