4500 6842
230 628 288 685 ool

696 623 873 682 counitur.
893 623 927 679 tn'
947 621 1171 679 haedillum-:tt
1192 650 1227 659 -
1246 617 1309 672 titt.
1329 616 1411 672 xl'll.

1814 618 1866 675 olto

233 750 290 807 epm
302 732 534 790 oderturrirtima
552 742 579 788 et
590 732 670 787 datur
686 734 871 788 sacerdotibus
887 732 1031 802 degenere
1045 737 1184 814 Agenore
1199 726 1232 781 ad
1254 726 1434 796 expiationem
1462 723 1693 780 immunditiarum
1716 734 1871 782 uostranno

234 829 301 884 heri
311 868 318 892 ,
330 826 376 898 qui
387 834 451 881 suut
462 825 496 881 de
510 840 608 895 genere
619 825 715 880 Sadoc.
729 824 901 896 offerturque
914 825 1029 891 vitulum

234 920 351 978 vitulum
366 928 456 975 autem
468 917 513 988 qui
529 933 578 987 pro
590 918 668 973 nohis
683 918 839 973 immolatus
849 926 900 980 εει,
910 928 937 972 ει
947 916 1033 971 mulla

235 1010 440 1080 Scripturamm
450 1006 519 1069 loca,
529 1005 1033 1078 etpraedpueltarnahaeepistolaqoae

234 1101 354 1156 hahetur
365 1099 437 1153 inter
447 1097 597 1166 scripturas
606 1096 784 1167 apocryphas,
797 1096 928 1150 nominat.
937 1094 1034 1150 Ethir·

235 1206 286 1245 cus
297 1202 443 1260 caprarum
454 1185 743 1243 secuudooiierturdie
752 1205 758 1239 z
767 1186 837 1240 unde
847 1195 875 1240 ει
884 1184 1033 1256 pascuata-

235 1279 310 1334 cturi
321 1285 463 1333 aestimant
473 1276 506 1330 de
515 1290 597 1347 grege
607 1290 706 1346 agnum
716 1282 743 1329 et
754 1275 859 1330 haedum
869 1294 875 1329 :
884 1282 912 1329 et
921 1291 966 1345 qur
977 1275 1033 1345 pri·

238 1385 312 1424 nrum
325 1367 426 1439 pascha
440 1364 530 1421 lacere
539 1380 592 1419 non
602 1373 758 1435 potueruut,
771 1366 798 1420 in
812 1365 930 1422 secundo
940 1380 1032 1421 mense

236 1458 354 1525 iaciunt,
369 1472 484 1528 quorum
498 1456 612 1511 alterum
625 1456 659 1511 ad
669 1456 758 1526 justos
773 1457 904 1526 pertinet,
922 1466 947 1512 et
967 1455 1033 1511 alte·

238 1562 301 1602 rum
323 1546 358 1601 ad
380 1544 554 1617 prenitentes.
567 1542 658 1616 (leid.)
673 1543 741 1610 Quia
765 1545 837 1600 euim
852 1545 976 1600 Christus
990 1559 1033 1600 se-

237 1638 360 1694 eumham
374 1652 484 1693 caruem
498 1637 533 1694 de
547 1636 658 1702 ludaeis,
679 1637 725 1708 qui
737 1639 788 1694 suh
800 1637 865 1709 iugo
879 1638 947 1709 legis
961 1638 1033 1693 vive-

236 1726 315 1793 haot,
329 1739 405 1784 ortus
424 1737 476 1793 est,
501 1736 576 1784 reete
594 1726 670 1782 vituli
689 1728 854 1783 saeriheiutu
868 1729 1030 1785 nominatur.

235 1820 290 1886 otri
310 1829 401 1874 autem
414 1820 563 1875 seeundum
580 1818 652 1889 quod
671 1819 830 1875 irtcarnatus
843 1827 902 1875 eret
913 1821 946 1875 de
959 1835 1032 1876 eorn-

1083 818 1190 876 ohtnlit.
1216 817 1335 885 erarum
1349 815 1603 870 immunditiarum?
1617 816 1720 871 idest«
1739 830 1754 868 a
1768 829 1871 885 pruva-

1083 907 1257 966 rieationihus
1281 920 1387 971 eorum,
1411 906 1508 975 inquit,
1531 906 1690 975 cunctisque
1709 906 1839 975 peecat's.
1858 925 1868 959 ι

1081 1000 1185 1056 Anima
1199 998 1300 1067 qnippe
1315 997 1484 1052 immunditia
1500 1012 1553 1051 non
1569 996 1666 1052 mortui
1681 995 1805 1066 pollutio,
1817 1011 1871 1051 non

1081 1091 1209 1163 porcinus
1222 1071 1311 1154 cibus,
1337 1103 1390 1143 non
1410 1088 1548 1159 quiippiam
1573 1087 1646 1143 aliud
1666 1088 1754 1143 simile
1780 1096 1871 1150 nocet,

1082 1185 1130 1242 sed
1147 1196 1246 1240 doecre
1271 1180 1394 1252 proximo
1406 1188 1447 1233 est
1467 1189 1496 1234 et
1518 1193 1632 1248 peceare
1653 1178 1680 1234 in
1707 1178 1803 1242 Deurn,
1829 1177 1871 1232 rel

1083 1280 1209 1335 mandata
1235 1276 1283 1332 liei
1307 1284 1491 1330 contemnere.
1521 1273 1677 1345 (Hieron.)
1711 1274 1759 1330 Sin
1783 1284 1872 1329 autent

1082 1367 1246 1424 luitnotus
1267 1365 1454 1436 interpretatio
1466 1364 1565 1433 placet,
1579 1366 1625 1433 qui
1642 1365 1777 1429 dixerunt,
1798 1384 1808 1416 ι
1825 1366 1874 1420 llic

1082 1466 1173 1513 autern
1191 1454 1310 1511 seeundo
1324 1451 1416 1507 tollent
1430 1453 1522 1506 haedos
1537 1451 1606 1507 duos
1619 1453 1808 1509 immaculatos
1823 1470 1872 1525 pro

1082 1557 1204 1621 peccato,
1215 1545 1322 1601 »audax
1334 1544 1441 1615 atridem
1455 1552 1498 1598 est
1511 1543 1583 1613 quod
1594 1544 1693 1598 dicturi
1707 1560 1809 1608 suranus,
1825 1546 1873 1601 sed

1083 1646 1175 1695 tamen
1197 1638 1310 1692 aliorum
1339 1633 1498 1704 simpliciter
1522 1633 1645 1704 porrertda
1666 1634 1799 1689 sententia
1821 1644 1874 1701 est,

1083 1729 1130 1799 qui
1145 1728 1218 1783 aiunt
1232 1730 1299 1782 duos
1312 1725 1405 1781 haedos
1428 1725 1617 1781 immaculatos
1641 1735 1753 1796 propter
1769 1727 1873 1796 passio·

1083 1836 1145 1877 uem
1160 1820 1266 1875 llomiui
1278 1818 1383 1874 ohlatos
1393 1833 1454 1874 esse
1467 1819 1501 1874 ad
1515 1819 1600 1875 altare
1615 1819 1732 1885 Domini,
1743 1816 1874 1877 lamburn

239 1914 316 1973 muni
331 1928 421 1969 massa
436 1913 576 1968 homiuum
597 1911 686 1968 laetus
699 1920 752 1975 est,
772 1920 916 1981 propterea
939 1927 1033 1968 rursus
1084 1910 1420 1981 etStephanum‚quorum
1432 1908 1500 1963 alter
1510 1908 1543 1963 de
1559 1908 1740 1978 apostolorum
1750 1924 1874 1977 numero,

237 2006 335 2062 hircus
354 2004 511 2075 appellatur.
526 2003 658 2075 Asperum
677 2004 750 2058 enim
772 2005 825 2059 hoe
843 2004 943 2058 animal
963 2004 1032 2074 pilo·
1084 2001 1154 2057 alter
1166 2001 1201 2057 de
1214 2010 1317 2071 septem
1330 1999 1423 2055 electis
1438 2001 1466 2055 in
1481 2000 1661 2057 ministerium
1683 1999 1789 2056 {lumini
1803 2002 1873 2072 prim

239 2111 302 2149 rum
328 2094 516 2149 indumentum
538 2094 618 2164 gerit,
636 2108 764 2162 asperum
786 2100 817 2147 ut
840 2100 904 2162 pote
920 2103 1032 2163 peceato
1047 2096 1070 2156 Β
1084 2107 1149 2162 ceps
1176 2090 1237 2147 luit.
1268 2090 1322 2147 lste
1342 2099 1384 2147 εει
1418 2088 1536 2146 taoohus
1569 2091 1615 2160 qui
1651 2092 1875 2148 transformatum

238 2185 371 2240 retortum
381 2198 461 2240 omne
476 2184 624 2239 viventium
638 2199 733 2254 genus,
746 2182 809 2253 quia
822 2182 891 2238 nihil
909 2193 952 2238 est
972 2199 1035 2253 pee-
1084 2180 1254 2238 salvatorem
1268 2181 1336 2236 vidit
1357 2182 1385 2236 in
1399 2189 1502 2247 monte,
1525 2182 1571 2251 qui
1586 2192 1772 2253 resurgentem
1792 2182 1875 2240 liliam

237 2284 303 2331 cato
319 2275 452 2344 asperius.
473 2273 549 2331 Unde
560 2275 613 2331 hoe
623 2283 716 2345 aperte
733 2275 884 2346 approhare
896 2274 1035 2346 legislator
1083 2273 1299 2345 hreltisynagogi
1323 2288 1386 2328 eum
1419 2274 1534 2327 horariuo
1563 2272 1698 2343 l‘etroque
1722 2284 1749 2330 et
1771 2273 1876 2332 Joaune

238 2364 336 2419 volens
351 2382 358 2417 :
373 2382 382 2415 ι
397 2363 519 2434 Cumque
536 2363 708 2430 mactaverit,
733 2364 832 2435 inquit,
857 2364 963 2419 hircum
986 2379 1055 2435 pru,
1084 2366 1198 2421 intuitus
1219 2374 1277 2430 est,
1302 2364 1349 2436 qui
1374 2364 1402 2419 in
1426 2366 1556 2438 καταλόγῳ
1569 2366 1765 2436 apostolorum,
1781 2367 1807 2422 in
1822 2383 1877 2438 qtae

238 2462 353 2525 peccato
367 2453 468 2526 populi,
484 2474 494 2507 r
508 2462 594 2510 totum
607 2454 652 2511 hie
664 2454 817 2526 intelligens
831 2456 977 2510 humanum
989 2469 1036 2525 ge-
1083 2457 1147 2513 lrina
1166 2458 1317 2529 iunguntur
1328 2456 1446 2521 nomina,
1457 2457 1532 2527 prior
1549 2456 1634 2513 fratre
1656 2458 1776 2528 ponitur.
1799 2457 1877 2515 lluue

236 2561 304 2612 arus,
317 2546 389 2616 qnod
402 2545 538 2615 quondam
563 2560 616 2600 non
633 2544 760 2616 populus,
774 2560 847 2599 nunc
865 2544 989 2616 pupulus,
1001 2560 1034 2600 ex
1084 2548 1222 2603 interiecit
1245 2547 1375 2613 Herodes,
1398 2556 1426 2602 et
1449 2548 1528 2618 qivasi
1543 2549 1649 2604 haedum
1674 2549 1877 2606 immaculatum

236 2654 295 2709 quo
310 2638 344 2693 de
365 2637 444 2694 nohis
460 2637 595 2708 primitias
613 2635 693 2693 lesus
714 2636 849 2706 suscepit;
863 2651 929 2707 erpo
943 2645 972 2690 ut
990 2636 1036 2691 de-
1083 2649 1146 2712 post
1157 2641 1309 2712 passionem
1324 2639 1473 2696 salvatoris
1484 2641 1510 2695 in
1524 2642 1567 2695 die
1582 2641 1733 2697 immolavit
1746 2644 1876 2698 secunde.

238 2739 406 2786 monstraret
417 2730 450 2786 de
466 2728 568 2785 ludaeis
580 2730 689 2799 quidem
704 2730 887 2800 principaliter
897 2729 1034 2788 Christum
1085 2732 1253 2803 Stephanum
1278 2748 1387 2804 quoque
1401 2732 1478 2801 cujus
1491 2734 1629 2803 sapientiae
1653 2743 1735 2805 atque
1748 2736 1878 2791 doetrinae

236 2830 354 2892 propter
372 2821 510 2877 hhraham
526 2822 714 2893 cognationem
729 2836 798 2885 esse,
814 2822 862 2877 sed
875 2830 964 2875 tamen
974 2836 1034 2875 ont·
1084 2823 1175 2877 nullus
1188 2832 1294 2893 poterat
1309 2824 1447 2889 resistere,
1463 2833 1491 2878 et
1507 2824 1552 2893 qui
1569 2832 1684 2878 stantem
1700 2823 1768 2879 vidit
1779 2824 1876 2880 Filium

237 2914 285 2969 nis
310 2920 409 2968 nostiae
431 2920 545 2979 naturae,
565 2928 625 2983 qnae
647 2914 673 2967 in
697 2920 810 2983 peccatu
826 2919 878 2977 εει,
903 2912 1036 2982 primitias
1083 2914 1118 2969 ad
1134 2914 1272 2969 demerem
1287 2913 1385 2979 l‘atris,
1397 2923 1425 2968 et
1438 2914 1516 2978 dixit,
1528 2935 1537 2964 ι
1550 2914 1663 2969 lionrine
1676 2912 1757 2981 iesu,
1771 2916 1879 2986 suscipe

236 3014 363 3077 portare,
385 3016 497 3077 propter
509 3008 581 3076 quod
595 3016 624 3063 ει
638 3006 723 3061 Adam
749 3004 899 3076 appellatus
919 3012 980 3059 est:
995 3005 1036 3059 vi·
1083 3007 1208 3077 spiritum
1217 3022 1317 3072 meum,
1329 3026 1338 3059 ι
1348 3006 1693 3077 lapidihusohrnereludmi
1700 3008 1769 3080 (det.
1777 3008 1877 3081 vnvn),

236 3099 327 3155 tulum
350 3099 431 3154 timul
443 3108 471 3155 et
483 3099 587 3155 hircum
603 3100 646 3155 lex
661 3101 694 3155 ad
709 3099 822 3171 liguram
835 3097 960 3153 sacrillcii
978 3096 1036 3165 ejus
1084 3097 1120 3151 tn
1135 3098 1270 3166 quomodo
1283 3098 1414 3166 quosdam
1428 3100 1597 3153 credentium
1617 3100 1754 3170 primitias
1768 3100 1879 3156 delraiae

236 3188 584 3258 assumpsitcumautem
606 3205 690 3245 unum
704 3191 739 3245 sit
751 3188 913 3244 sacrificium
928 3189 985 3243 sive
997 3189 1035 3242 ri·
1084 3196 1113 3242 ει
1125 3188 1196 3241 hsta
1209 3187 1353 3257 Apostolus
1367 3189 1488 3242 aroniinat
1508 3189 1532 3260 (l
1568 3187 1630 3243 Gor.
1646 3189 1712 3261 xvv),
1741 3190 1879 3246 sicctisti

237 3278 325 3343 tulus,
351 3278 409 3333 sirc
431 3279 525 3335 hircus
547 3281 712 3347 nominetur,
732 3279 896 3349 effectusque
917 3296 986 3334 uatus
1007 3280 1034 3334 in
1084 3278 1298 3350 primititeluerc
1323 3290 1553 3350 martyrumnuos
1572 3281 1675 3336 Christi
1699 3291 1792 3351 postea
1814 3297 1879 3337 con·

236 3378 386 3436 utrumque
407 3369 443 3423 sit
468 3367 656 3439 (peecatorum
680 3371 751 3425 euim
769 3385 803 3425 ex
825 3385 858 3424 eo
878 3368 1035 3440 prodigatur
1086 3370 1171 3425 lessio
1196 3369 1349 3424 coronavit.
1377 3370 1411 3423 lit
1434 3370 1485 3425 hoe
1509 3370 1656 3425 notandum
1681 3371 1753 3440 quod
1778 3370 1880 3427 vitulus

235 3456 386 3529 absolutio)
412 3460 566 3514 necessarie
591 3460 744 3513 eorrrtnunia
770 3469 833 3515 stant
858 3475 890 3515 ea
918 3476 978 3531 quae
1004 3452 1068 3516 inC
1085 3459 1282 3515 totusollertur
1298 3461 1328 3513 in
1344 3460 1542 3525 holocaustum,
1567 3471 1595 3516 et
1608 3462 1761 3518 crassitudo
1784 3476 1881 3533 eorpo-

236 3550 319 3605 hirco
329 3560 446 3622 aguntur
457 3561 485 3604 et
498 3551 591 3606 vitulo.
608 3551 703 3606 Cernis
717 3552 789 3607 enim
808 3553 854 3621 qui
870 3553 976 3607 hircum
986 3567 1033 3607 oe·
1083 3551 1122 3606 ris
1137 3550 1194 3618 ejus
1215 3549 1308 3603 divino
1329 3550 1390 3619 igne
1405 3551 1584 3604 eonsumitur.
1600 3550 1657 3605 Etsi
1677 3551 1750 3604 enim
1768 3566 1882 3606 norera-

236 3641 335 3696 cirtem
345 3649 408 3697 ante
419 3641 561 3696 lierninum
573 3641 698 3697 videlieet
707 3642 826 3706 Patren,
837 3651 863 3696 et
876 3644 1033 3712 sanguinem
1083 3654 1145 3695 nius
1153 3640 1302 3703 Christum,
1318 3639 1365 3693 sed
1373 3636 1430 3705 jain
1441 3653 1513 3693 uurre
1527 3654 1580 3691 non
1595 3640 1720 3693 novimus
1731 3643 1879 3696 secuudum

236 3731 399 3788 irtierensin
415 3732 545 3787 interiora
560 3732 712 3799 velaminis,
724 3734 750 3788 id
762 3742 815 3797 cst,
827 3733 859 3787 ad
871 3732 989 3787 Patrem.
1002 3734 1035 3787 h't
1084 3746 1204 3786 cantem.
1224 3728 1340 3785 Jacohus
1357 3738 1447 3784 autem
1466 3737 1494 3782 ει
1513 3727 1680 3798 Stephanus,
1697 3730 1744 3800 qui
1763 3731 1881 3786 oecuuda

234 3822 334 3891 expiet
346 3823 531 3878 sanctuarium
541 3823 575 3879 ah
588 3823 767 3879 immunditiis
778 3823 894 3879 filiorum
908 3823 1036 3888 lsi-nolet
1083 3820 1129 3876 die
1150 3820 1233 3875 ohlati
1255 3829 1328 3886 sunt,
1355 3820 1412 3874 sive
1431 3820 1594 3889 hircusuni
1614 3820 1693 3890 juxta
1715 3819 1879 3878 liehraienm

234 3930 255 3968 a
271 3913 540 3983 praevaricationibus
559 3929 653 3971 eorum
672 3916 830 3985 cunctisque
850 3915 978 3985 peccatis.
991 3914 1036 3969 li·
1084 3924 1222 3980 narrator,
1247 3914 1359 3970 offertur
1373 3913 1482 3984 quidem
1506 3915 1533 3969 in
1559 3915 1668 3970 victima
1682 3915 1730 3980 sed
1752 3916 1881 3973 holocau-

234 4005 322 4060 victur
333 4004 440 4073 quidem
452 4005 485 4060 de
497 4005 669 4060 tabernaculo
679 4007 779 4061 dicere.
792 4005 863 4061 Dicit
880 4014 970 4060 eutero
981 4020 1035 4060 non
1085 4015 1158 4062 stum
1184 4008 1334 4077 praesentim
1358 4007 1464 4062 Domini
1499 4016 1663 4062 reservatur.
1688 4008 1766 4077 Quod
1789 4017 1881 4064 autern

237 4096 275 4150 de
287 4109 332 4159 eo,
349 4096 394 4164 qui
406 4095 497 4151 sensui
509 4096 631 4165 suhjacet
639 4096 714 4167 (quid
724 4097 797 4151 euim
807 4096 970 4166 expiationis
988 4111 1036 4152 seu
1087 4098 1192 4153 tollitur
1205 4098 1315 4168 sanguis
1329 4099 1363 4155 de
1386 4112 1439 4167 quo
1456 4096 1576 4166 loquitur
1593 4098 1710 4154 Petrus:
1741 4116 1752 4151 ι
1769 4098 1883 4155 lieiletrt-

235 4186 442 4256 propitiationis
454 4195 576 4258 aptarent,
591 4187 690 4258 quidve
706 4187 791 4258 pelles
811 4188 854 4244 vel
874 4188 987 4258 reliqua,
1002 4204 1036 4242 ex
1087 4189 1127 4259 pu
1152 4204 1245 4243 sununs
1263 4203 1296 4243 ex
1315 4204 1385 4243 rana
1412 4198 1505 4243 nostra
1531 4192 1738 4247 conversatione
1762 4200 1884 4262 pateatne

237 4277 342 4347 quihus
353 4276 555 4333 talrernaeulum
565 4275 805 4348 ludaeorumquod
814 4279 905 4334 sensui
915 4279 1038 4350 suhjace-
1087 4280 1241 4336 traditionis
1263 4280 1383 4350 pretioso
1407 4280 1537 4351 sanguine
1569 4279 1671 4336 Christi
1702 4280 1729 4354 (1
1748 4279 1823 4337 Petr.
1849 4281 1880 4353 ι).

236 4369 539 4441 hat,eoniectumcrat)
549 4370 961 4442 sedgencralitatemsivetotant
972 4372 1038 4425 dicit
1088 4371 1123 4426 Et
1137 4370 1237 4425 Paulus
1249 4373 1389 4441 apostolus
1400 4373 1497 4427 docet:
1515 4391 1525 4423 ι
1543 4371 1635 4428 Pretio
1659 4375 1789 4445 redempti
1814 4378 1883 4430 estis

240 4461 520 4530 horninumspecienr.
530 4460 1039 4518 Sanctacuivnluitahinitiomassano
1089 4462 1123 4535 <l
1139 4463 1201 4517 Cor.
1216 4462 1282 4533 ιιι).
1301 4483 1311 4515 r
1329 4463 1362 4517 Ει
1376 4465 1403 4518 in
1418 4463 1471 4519 alio
1482 4464 1560 4519 loeo:
1582 4484 1592 4516 ι
1606 4464 1703 4521 Pacem
1718 4465 1823 4523 iaciens
1835 4483 1884 4537 per

238 4562 312 4617 stra,
321 4552 358 4606 ita
368 4562 396 4605 ut
409 4551 457 4605 liei
474 4552 500 4605 in
513 4566 546 4606 ea
561 4552 694 4609 hahharet
713 4552 832 4621 spiritus.
849 4552 1040 4619 Quodderuon-
1089 4554 1248 4624 sanguinent
1263 4553 1352 4608 erneis
1365 4568 1430 4620 sum,
1446 4554 1544 4609 sivein
1558 4563 1646 4622 terra,
1661 4556 1718 4610 sive
1732 4572 1814 4627 super
1827 4572 1884 4612 cm·

239 4646 391 4698 stratuum
402 4641 518 4711 eoquod
532 4640 638 4696 auferre
656 4641 722 4695 illud
737 4642 857 4697 irascens
869 4644 987 4699 minatus
998 4651 1041 4699 εει
1090 4649 1131 4704 los
1146 4648 1262 4720 (Colum.
1280 4647 1332 4721 r).›
1348 4648 1415 4704 illud
1433 4650 1567 4719 signifieat
1582 4649 1653 4718 quod
1673 4651 1803 4720 sarrguute
1821 4648 1881 4708 &ri-

237 4731 938 4803 Deus‚quandohiquiexSethdescendehant,eum
948 4744 1040 4792 essent
1092 4741 1441 4809 valorisquatuoreornua
1465 4740 1642 4809 purilieentnr
1665 4739 1769 4803 altaris,
1794 4740 1883 4797 idest

235 4824 319 4895 iusti,
341 4835 371 4879 ει
384 4824 432 4879 lilii
446 4824 493 4879 oet
507 4824 729 4894 appellarentur,
743 4825 967 4896 concupiscentes
990 4841 1038 4881 eas
1056 4804 1210 4899 iiqiratnor
1235 4830 1328 4883 rirvmdi
1343 4830 1438 4899 plaga.
1469 4828 1681 4896 dsperpiturqne
1694 4842 1795 4883 eorona
1821 4845 1883 4899 pro·

237 4930 305 4987 quae
317 4924 346 4970 ει
355 4914 418 4970 hita
427 4914 567 4970 homiuum
577 4915 748 4979 dicebantur,
766 4915 845 4970 unius
857 4917 963 4985 generis
974 4930 1037 4971 curn
1057 4935 1061 4941 ·
1088 4920 1230 4990 prtiatorii,
1257 4920 1315 4974 sire
1337 4919 1416 4972 bases
1439 4934 1488 4987 per
1510 4918 1675 4982 circuitum,
1701 4924 1731 4971 ut
1755 4918 1881 4974 urtiversa

238 5006 326 5064 matis
340 5012 368 5064 et
379 5006 478 5074 iniquis
489 5005 579 5061 ell'eeti
592 5014 665 5061 suut.
677 5006 752 5061 llixit
765 5006 837 5061 cuim
851 5007 890 5062 sie
900 5024 908 5060 ε
918 5027 928 5060 ι
940 5006 1039 5063 Video·
1088 5019 1247 5082 purgentur,
1263 5019 1290 5064 et
1305 5009 1381 5063 firma
1398 5008 1434 5063 sit
1453 5007 1618 5076 propitiatio.
1633 5006 1778 5078 Propterea
1791 5018 1883 5064 autem

239 5099 348 5158 teshlii
365 5094 423 5153 'hei
437 5098 508 5152 lilias
532 5097 672 5154 homiuum
697 5099 768 5169 quod
792 5105 884 5153 essent
908 5096 1037 5168 pulchra,
1089 5102 1115 5155 in
1143 5100 1262 5155 secunda
1285 5099 1329 5154 die
1353 5102 1394 5153 vel
1421 5098 1473 5152 duo
1497 5097 1586 5162 haedi,
1613 5100 1646 5153 de
1671 5099 1771 5168 quihus
1799 5113 1882 5169 sopra

237 5197 411 5261 acceperunt
427 5190 479 5247 tihi
492 5190 775 5245 utoresexomnihus
799 5203 868 5259 quas
890 5189 1036 5259 elegerant.
1089 5194 1229 5257 diximus,
1254 5190 1296 5245 vel
1317 5190 1409 5245 hircus
1435 5191 1600 5254 assumitur,
1623 5191 1695 5259 quod
1719 5191 1819 5246 animal
1841 5198 1884 5248 est

237 5283 279 5340 Et
294 5281 365 5337 dixit
385 5280 516 5358 [lominus
540 5281 630 5336 Deus:
660 5278 718 5336 Non
734 5279 904 5350 permanehit
927 5280 1040 5350 spiritus
1091 5299 1200 5353 semper
1216 5282 1250 5336 ad
1265 5282 1372 5336 excelsa
1394 5280 1525 5336 festinans
1542 5289 1570 5336 et
1584 5282 1651 5337 nihil
1672 5282 1783 5353 periculi
1801 5283 1884 5339 susti·

239 5391 326 5434 meus
337 5376 366 5430 iu
381 5375 489 5431 hotuine
501 5374 682 5438 maternum,
693 5374 756 5442 quia
768 5387 832 5427 earo
845 5381 889 5427 est
902 5368 978 5443 (Gen.
991 5377 1040 5441 vt).
1090 5390 1159 5430 neris
1173 5374 1201 5428 in
1215 5373 1391 5442 praecipitiis:
1406 5382 1433 5427 et
1447 5372 1484 5427 ihi
1499 5373 1601 5428 invenit
1616 5374 1759 5439 ritarn,uhi
1773 5375 1882 5431 caeteris

238 5469 357 5541 Ergosi
382 5467 521 5523 habitabat
542 5466 654 5536 spiritus
677 5465 725 5519 Dei
741 5466 768 5520 in
790 5465 946 5521 hominihus
967 5474 1043 5519 ante-
1092 5464 1276 5520 aninrantious
1301 5463 1426 5518 interitus
1437 5470 1489 5517 est.
1512 5461 1588 5518 Unde
1605 5473 1635 5519 et
1647 5464 1742 5518 Graeeo
1755 5475 1881 5519 sermono

238 5578 332 5637 quam
347 5577 442 5619 otntrcs
452 5562 675 5633 sequipassioucs
685 5561 795 5616 charius
811 5562 969 5630 inciperent,
978 5576 1041 5615 san-
1092 5570 1236 5625 mororum
1249 5554 1426 5608 ethiummm
1449 5567 1515 5624 timu
1534 5553 1688 5610 sublimium
1713 5554 1883 5608 mulumuliu

238 5667 290 5716 eta
307 5655 606 5710 reeteerathominum
620 5669 720 5708 utassa.
747 5652 814 5708 Nam
836 5669 886 5709 nee
907 5654 1042 5723 primitias
1093 5649 1203 5705 dieitur.
1231 5647 1316 5703 Porro
1336 5647 1422 5702 altare
1443 5646 1542 5703 Christi
1557 5648 1679 5718 expiatur
1693 5646 1833 5717 sanguine,
1855 5652 1884 5701 et

236 5762 282 5809 a
304 5761 340 5805 ee
365 5757 477 5804 tanetus
499 5756 655 5804 sanctorum
678 5755 839 5803 assumeret.
860 5748 928 5815 Quia
952 5758 1041 5803 autem
1094 5743 1230 5797 orationes
1253 5749 1409 5796 sauctorum
1433 5742 1539 5796 munde
1553 5748 1712 5811 permanent
1730 5738 1763 5793 ad
1787 5738 1883 5793 heum

241 5841 387 5902 sordidata
398 5850 450 5908 est,
475 5842 593 5912 expiavit
604 5856 664 5896 eam
679 5841 714 5896 ah
732 5842 910 5897 immunditiis
925 5842 1041 5896 llliomm
1096 5835 1153 5891 iiou
1166 5849 1273 5906 ottoque
1297 5836 1444 5890 dotalitium
1465 5837 1536 5905 quod
1547 5838 1624 5907 iilum
1646 5833 1807 5889 iieilmiuum
1824 5833 1883 5906 iuut

243 5933 345 5995 israel.
360 5913 514 5990 Secundum
531 5935 661 5990 rationem
675 5950 724 6005 pro
738 5934 858 5991 sensibili
873 5934 954 5990 lsrael
965 5934 1043 5990 lesus
1095 5928 1223 5983 Ezechiel
1241 5926 1318 5996 quasi
1340 5927 1468 5982 sacerdos
1478 5924 1713 5992 vituluntjuhetur
1732 5938 1884 5992 asmmere,

243 6026 408 6088 intumulatus
428 6036 490 6094 est,
515 6035 543 6083 et
568 6026 729 6084 sacrificinm
755 6042 806 6097 pro
825 6026 899 6081 otnni
923 6026 1042 6081 hurttano
1096 6030 1123 6077 et
1137 6020 1323 6078 holocaustum
1338 6017 1438 6079 lacere.
1460 6028 1489 6076 et
1502 6019 1660 6090 sanguinem
1674 6016 1733 6087 ejus
1747 6016 1886 6084 incireui·
