4500 6842
305 660 365 722 2¹³
855 662 1006 720 llOlllLlAE
1027 663 1059 719 tt
1081 664 1206 742 HANG.
1226 666 1269 722 ET
1290 665 1400 722 trist.
1884 658 1943 714 ‘ait

304 783 340 832 οἱ
351 780 396 830 esi
409 785 480 828 uuus
497 770 568 827 [lens
583 772 763 842 omnipotens
787 773 929 830 irrrisibilis
950 785 977 830 et
999 777 1100 830 incom-
1116 782 1139 838 Α
1152 786 1175 831 et
1188 777 1254 830 mori
1267 787 1375 845 paratus
1396 792 1453 829 sum
1468 776 1493 828 in
1507 772 1687 844 iiierosolpma
1710 786 1757 840 pro
1773 770 1875 825 nomine
1886 769 1940 823 lio·

308 862 502 934 prehensibilis
514 861 588 917 omni
598 870 740 928 creaturae,
753 860 844 929 Pater,
859 872 887 919 et
897 863 990 929 Filius,
1003 872 1030 919 et
1039 863 1101 935 Spi-
1152 867 1218 919 mim'
1229 868 1311 920 nostri
1321 867 1384 921 iesu
1394 864 1501 919 curisti.
1514 863 1605 933 Neque
1618 865 1686 917 enirn
1696 862 1740 933 arri
1751 860 1942 916 circumcidun-

308 954 383 1009 ritus
405 960 526 1009 sanetus.
551 952 581 1007 ln
606 951 715 1007 nornine
735 950 846 1021 justitiae
874 962 903 1008 et
926 953 954 1007 in
984 952 1101 1024 Spiritus
1152 955 1287 1027 turianum
1299 956 1458 1020 aristodium,
1473 955 1517 1009 sed
1542 955 1690 1009 uoluntuos
1708 950 1942 1007 circumcidimi·

307 1043 399 1101 ιιιιιι
415 1043 487 1098 douo
500 1051 528 1097 et
548 1041 693 1110 missione,
712 1043 826 1098 istarum
846 1043 958 1098 duarum
982 1043 1013 1098 dt
1036 1059 1101 1099 con-
1152 1065 1231 1104 carne
1253 1061 1337 1101 uestra
1358 1047 1655 1118 pronuntiarentur
1677 1043 1820 1115 est,quale
1837 1044 1943 1099 utillud

306 1137 403 1193 wadia
419 1135 576 1192 lectionum.
599 1135 697 1190 Beatus
713 1135 759 1204 qui
779 1134 902 1206 intelligit
919 1136 1060 1190 veritatem
1075 1145 1102 1191 et
1151 1140 1252 1196 dietum
1268 1142 1301 1197 ad
1318 1140 1467 1210 apostolum
1482 1139 1591 1194 Petrum
1604 1159 1609 1193 :
1624 1138 1653 1194 Si
1667 1148 1695 1192 ιιι
1710 1155 1768 1193 eum
1781 1138 1893 1191 toturn
1906 1138 1943 1190 sis

306 1228 435 1297 seqnitur
444 1227 587 1298 justinam,
600 1226 663 1297 qrria
675 1227 697 1281 si
713 1228 738 1281 iu
751 1227 802 1282 boc
816 1227 1007 1297 permanserit.
1021 1228 1101 1283 simul

305 1334 373 1375 cum
388 1318 497 1375 Christo
508 1319 537 1373 in
551 1328 680 1373 aeternum
693 1319 828 1391 pandebit.

560 1422 701 1477 nolluit
730 1421 850 1478 xxxvi.

480 1528 506 1566 rs
524 1525 686 1566 rsvcurrorc
703 1527 811 1567 ιιι-ιιι
830 1529 935 1570 cnrcrs.

436 1603 529 1658 Lectio
540 1602 666 1672 Epistola·
678 1601 708 1655 B.
722 1602 796 1656 Pauli
812 1605 844 1657 ad
857 1604 976 1659 Galatas.

348 1693 476 1761 fratres,
500 1695 602 1763 confido
623 1696 649 1749 in
673 1696 744 1751 robis
760 1697 787 1750 in
806 1696 927 1762 Domino,
950 1698 1017 1769 quod
1038 1697 1102 1751 nibil

305 1785 386 1841 atina
401 1786 518 1857 sapietis,
533 1797 587 1841 etc.

345 1874 406 1929 flac
416 1889 467 1945 spc
480 1874 546 1929 dicit
560 1889 589 1929 se
604 1873 751 1943 conlldere,
765 1876 797 1931 de
811 1876 853 1931 lris
867 1877 929 1947 quia
944 1893 996 1931 uon
1007 1887 1102 1947 sponte

305 1973 482 2021 erraverunt.

344 2052 400 2120 Qui
418 2064 506 2107 autern
520 2055 656 2108 coruurbat
677 2071 730 2119 uas,
746 2058 858 2125 portabit
874 2057 1022 2126 jrrdieirrm,
1045 2058 1102 2129 prri-

1152 1229 1365 1302 pentiiiteruiuis,
1379 1230 1509 1301 qrromodo
1531 1228 1662 1299 compellis
1677 1239 1764 1297 peuces
1780 1225 1945 1297 judoizare?

1153 1324 1231 1379 itaet
1247 1323 1430 1393 biccumipsi
1455 1322 1542 1393 legem
1568 1337 1621 1376 non
1642 1320 1809 1375 custodirent
1833 1332 1945 1374 eonver-

1154 1424 1245 1471 santes
1269 1413 1377 1483 injuste,
1399 1413 1630 1470 circumcisionem
1646 1412 1828 1472 sectabantur,
1844 1416 1875 1462 ιιι
1897 1422 1944 1477 pr·

1154 1505 1230 1560 rinde
1243 1506 1350 1559 vinrere
1364 1513 1391 1559 et
1401 1514 1536 1560 anratnres
1548 1502 1615 1574 legis
1629 1502 1794 1565 viderentur,
1807 1515 1868 1553 enur
1880 1514 1945 1551 rrrn·

1154 1605 1206 1650 stet
1221 1597 1291 1650 lrunc
1307 1594 1391 1663 legem
1405 1593 1547 1648 detundere
1559 1601 1587 1647 et
1598 1591 1746 1655 custodire,
1759 1589 1804 1660 qni
1823 1588 1945 1657 justitias

1152 1685 1389 1755 ejrrsrsseqnitur,
1402 1694 1430 1739 et
1447 1683 1602 1736 mandatnm
1624 1680 1696 1752 quod
1711 1680 1744 1733 ad
1760 1680 1842 1732 vitum
1862 1678 1946 1747 perti·

1152 1792 1222 1853 tretis
1238 1778 1328 1830 datum
1343 1784 1395 1841 est,
1421 1792 1472 1828 non
1493 1773 1684 1845 prmtetrnittit.
1702 1771 1798 1826 Clades
1813 1785 1877 1840 ergo
1891 1768 1945 1821 iin-

1154 1840 1269 1922 tiranno
1283 1868 1421 1923 excusatio
1435 1875 1494 1922 erat
1509 1882 1603 1921 eorum
1618 1866 1686 1928 brec,
1703 1872 1732 1917 ut
1746 1863 1787 1917 vel
1812 1862 1852 1917 sic
1865 1861 1945 1915 intol-

1153 1956 1238 2028 ligant
1250 1958 1312 2027 qrria
1336 1958 1508 2020 ludebantur,
1533 1957 1608 2011 velrtt
1628 1955 1702 2009 stulti
1725 1963 1752 2007 ct
1774 1954 1896 2017 hebetes,
1912 1954 1946 2008 tle

1155 2063 1269 2117 quornm
1282 2047 1418 2102 doloribus
1435 2046 1630 2118 glorificantur.

305 2162 412 2216 utrque
435 2156 471 2199 est
485 2145 539 2199 itte.
556 2144 696 2213 Quomodo
714 2148 759 2217 qni
774 2157 909 2203 errantem
926 2150 1046 2203 conuerti
1063 2149 1101 2202 sa.
1119 2131 1140 2189 ll
1191 2136 1257 2190 ltitn·
1269 2146 1355 2188 autem
1372 2136 1437 2189 absit
1457 2134 1567 2205 ploriart'
1581 2134 1632 2187 nisi
1646 2134 1672 2186 in
1685 2149 1760 2185 crure
1776 2130 1880 2186 ttouiui
1895 2148 1944 2186 no·

304 2235 345 2292 eit
369 2236 585 2289 remunerandus
604 2245 661 2302 est,
687 2236 793 2292 dicente
812 2235 913 2292 lacobo
936 2236 1057 2307 apostolo
1074 2238 1100 2290 in

303 2322 430 2396 Epistola
449 2340 498 2379 sua
514 2323 586 2390 :Qui
601 2326 714 2380 conuerti
728 2327 816 2396 [eterit
828 2335 998 2396 peccatorem,
1016 2325 1103 2382 soluo-

304 2414 343 2468 eir
361 2416 482 2469 animam
496 2416 553 2485 ejus
567 2426 592 2470 et
606 2417 701 2487 operiet
717 2415 908 2470 multitudinem
918 2425 1101 2486 peccatorum

305 2506 345 2560 ita
370 2506 466 2577 etqui
490 2516 564 2562 recta
587 2506 754 2563 incedentem
780 2508 805 2561 in
829 2508 881 2562 iter
900 2507 1006 2561 devium
1029 2508 1101 2578 cogit

303 2594 639 2661 numerumnunerum
652 2596 837 2667 consequitur,
845 2596 998 2667 quicunqne
1010 2595 1100 2651 luerit.

306 2685 365 2741 lloc
381 2693 492 2756 propter
512 2685 563 2740 lros
577 2685 696 2757 subjicit,
718 2701 752 2741 ne
770 2687 830 2755 orris
843 2686 893 2740 sibi
911 2686 1038 2740 rneritum
1056 2686 1101 2740 de·

305 2775 432 2831 ienderet
443 2791 477 2831 eo
490 2777 561 2846 qnod
578 2776 625 2831 ulii
639 2784 729 2831 essem
746 2774 861 2829 Abrabae
884 2775 1029 2829 secundnm
1042 2792 1101 2830 car·

306 2878 384 2930 nem,
394 2866 511 2935 denique
520 2866 702 2922 exclamantes
712 2866 805 2921 dicunt
817 2865 850 2920 ad
860 2863 951 2921 iesum
965 2885 972 2918 ι
984 2865 1039 2920 Νοι
1051 2866 1101 2935 filii

307 2956 422 3010 Abrabam
433 2974 534 3011 surmus.

343 3046 403 3118 Epo
427 3058 525 3113 autern,
548 3049 654 3117 fratres,
675 3048 698 3102 si
721 3049 944 3102 circuncisionem
967 3049 1098 3119 praedico,

308 3137 372 3208 qaid
391 3136 479 3190 adbuc
490 3136 692 3207 persecutionem
703 3137 791 3205 potior
803 3138 815 3189 l
828 3137 958 3206 Apertum
972 3148 1014 3193 est
1029 3140 1101 3208 quod

309 3225 391 3291 dicit;
405 3225 466 3282 ideo
480 3226 553 3281 eninr
568 3226 643 3295 qnasi
664 3225 788 3280 inimicus
809 3241 824 3279 a
843 3224 942 3281 induis
959 3227 1101 3282 odiebatur

309 3326 338 3370 ct
353 3331 406 3370 nou
419 3314 605 3370 desinebanta
620 3314 807 3383 persecutione
825 3313 897 3383 ejus,
912 3316 974 3385 quia
988 3317 1101 3371 circnm-

311 3406 440 3462 cisionem
451 3420 510 3474 Jarn
522 3420 629 3459 cessure
643 3405 766 3460 docebat.
779 3405 900 3475 Denique
912 3404 1013 3461 induis
1030 3420 1102 3461 cnm-

1151 2225 1455 2295 ordinatissimum
1478 2242 1552 2294 prtem
1577 2225 1639 2278 milri
1665 2223 1778 2276 mttndus
1801 2222 1944 2291 crucifixus

1151 2328 1223 2374 estet
1237 2336 1284 2389 epo
1306 2317 1414 2370 mundo.
1436 2316 1575 2383 Quomodo
1601 2314 1816 2383 pseuduanostoli
1834 2313 1943 2367 tribulu-

1153 2407 1242 2463 tiones
1252 2422 1302 2477 pro
1313 2407 1421 2461 nomine
1433 2405 1545 2470 Christi,
1562 2404 1638 2474 qrrasi
1656 2404 1721 2457 uilril
1734 2402 1887 2473 profuturas
1897 2420 1946 2473 per

1151 2500 1304 2571 hypocrisin
1334 2498 1502 2554 redimebant
1516 2498 1707 2553 erubescentes
1733 2498 1760 2551 in
1786 2498 1840 2563 bia,
1856 2498 1892 2552 ita
1917 2508 1946 2553 et

1150 2590 1295 2662 Apostolus
1319 2589 1484 2660 gloriabatur
1500 2590 1533 2643 de
1558 2590 1610 2651 bis,
1635 2589 1724 2643 sciens
1746 2603 1871 2658 magnam
1896 2605 1947 2659 pro

1152 2683 1212 2737 istis
1225 2684 1276 2737 sibi
1291 2682 1349 2737 iore
1364 2684 1528 2744 mercedem,
1551 2681 1777 2751 rpronradrnodnm
1799 2690 1825 2735 et
1840 2682 1947 2743 canteris

1151 2774 1280 2843 apostolis
1299 2773 1410 2839 Cirristi,
1423 2774 1493 2827 sictut
1506 2774 1635 2843 scripturn
1654 2781 1695 2827 cst
1714 2773 1741 2825 in
1756 2772 1868 2827 Actibus
1880 2789 1945 2843 apo-

1151 2862 1279 2917 stolurum
1297 2881 1303 2915 :
1318 2861 1400 2923 Taua,
1426 2863 1527 2932 inquit,
1552 2863 1613 2916 rasi
1635 2863 1753 2916 eaieruut
1779 2862 1890 2932 apostoli
1910 2862 1945 2918 tls

1151 2952 1271 3015 concilio,
1282 2953 1424 3021 prudentes
1438 2954 1500 3019 qrriu
1515 2953 1587 3023 dipui
1604 2952 1686 3005 irubiti
1709 2963 1768 3004 surrt
1781 2969 1828 3019 pro
1842 2953 1945 3005 nomine

1151 3040 1248 3096 Christi
1263 3042 1445 3096 coruumelr'mn
1466 3044 1532 3113 pati.
1546 3042 1629 3113 CuJ'us
1649 3058 1712 3111 crgo
1728 3043 1816 3097 orrruis
1839 3058 1900 3111 spus
1917 3044 1944 3096 in

1151 3134 1259 3190 Christo
1269 3143 1319 3197 est,
1328 3134 1370 3188 irie
1378 3134 1507 3205 gloriatur
1517 3134 1543 3188 in
1555 3149 1636 3189 cruce
1646 3134 1713 3203 cjns,
1723 3134 1819 3189 lruicet
1832 3134 1946 3191 nundus

1152 3224 1360 3288 crncitirrusest,
1375 3234 1479 3279 eertum
1496 3224 1599 3279 babens
1608 3239 1727 3278 amorem
1741 3226 1829 3280 erucis
1843 3224 1944 3279 Christi

1152 3315 1234 3369 ritarn
1245 3329 1316 3379 osse,
1329 3315 1421 3368 mundi
1433 3330 1497 3369 raro
1508 3330 1627 3369 aurorem
1639 3331 1737 3384 parare
1746 3313 1945 3370 mortennlica-

1152 3416 1196 3461 tus
1207 3406 1250 3460 ille
1264 3406 1361 3475 estqui
1378 3404 1521 3460 mortificat
1533 3405 1665 3460 desideria
1680 3406 1769 3460 carnis
1782 3421 1848 3470 suu,
1859 3414 1887 3460 el
1897 3420 1946 3475 rm·

314 3494 471 3567 pellentibus
484 3502 511 3550 et
527 3508 711 3563 saepenumero
728 3492 811 3549 falsas
828 3496 1016 3550 accusationes
1035 3483 1137 3551 con-C
1153 3497 1250 3552 tientcr
1274 3496 1367 3552 sullort
1382 3496 1569 3552 tribulationes
1594 3497 1734 3566 presentis
1748 3495 1820 3560 viee,
1836 3496 1898 3565 quia
1922 3497 1944 3550 si

315 3596 352 3640 tra
376 3600 439 3641 euru
466 3583 665 3647 deserentibus,
692 3584 830 3655 obliquum
854 3584 974 3655 judicem
996 3587 1099 3655 videns,

315 3688 419 3734 coruus
435 3677 581 3750 appellarit
594 3676 739 3732 Casuram.

348 3769 418 3841 Erpa
433 3778 587 3824 macuatum
605 3777 642 3822 est
657 3767 813 3823 scandulum
825 3770 920 3822 cruris.
939 3767 1101 3823 scandalum

317 3867 369 3913 erat
380 3857 484 3912 iudeis
493 3856 649 3927 pradicatio
663 3856 761 3919 crucis,
777 3858 839 3926 qnia
854 3857 995 3910 sabbatum
1007 3867 1034 3911 et
1047 3858 1099 3911 cir·

316 3948 503 4003 amisionem
529 3946 688 4001 evacuabat.
710 3945 739 4000 Si
758 3955 847 4000 autern
871 3947 1025 4002 admitteret
1048 3947 1100 4001 cir·

315 4038 512 4102 crannonem,
530 4053 583 4091 non
605 4046 677 4092 esset
696 4036 863 4102 scandalum,
878 4045 905 4091 ct
931 4039 1036 4107 riaciani
1058 4055 1101 4093 es·

315 4137 370 4185 rent
385 4130 465 4184 nobis
482 4128 579 4183 ludet.
594 4127 659 4182 Nara
675 4128 802 4183 dicebant
816 4129 848 4183 de
863 4126 1003 4184 Salvatore
1018 4145 1025 4183 ι
1039 4128 1099 4183 Nou

314 4228 346 4273 est
356 4219 400 4272 tte
411 4222 491 4271 bomo
504 4236 520 4271 a
532 4216 587 4271 Deo
600 4218 646 4288 qui
665 4218 802 4271 sabbatum
824 4235 874 4273 uon
896 4220 1017 4272 custodit.
1030 4219 1101 4289 Ergo

313 4316 468 4363 evacuatum
483 4317 525 4363 est
535 4307 691 4362 scandalunt
702 4308 801 4361 crucis.

344 4397 486 4453 brunner
502 4399 744 4470 abscindanturqui
762 4416 805 4453 uos
824 4401 989 4466 eottturbaut,
1005 4401 1030 4455 id
1046 4413 1096 4467 cst,

311 4488 411 4543 mbram
436 4490 629 4544 abscinduntur
650 4489 695 4558 qui
717 4503 766 4544 vos
788 4490 956 4545 subvertunt.
972 4491 1036 4546 Tale
1058 4503 1101 4548 est

310 4577 454 4647 Ιιοιιιιιιιι
476 4587 504 4633 et
525 4578 590 4633 illud
611 4578 645 4634 ad
666 4577 821 4634 Corinthios
844 4581 930 4649 priura
946 4598 952 4634 :
970 4582 1022 4646 Qui
1035 4599 1098 4648 nou,

1153 3587 1180 3641 in
1197 3588 1247 3641 boc
1263 3587 1351 3641 studio
1366 3588 1437 3641 bono
1449 3599 1535 3655 usqne
1560 3587 1588 3639 in
1614 3585 1694 3640 bnenr
1720 3586 1943 3655 perseveraverit,

1152 3688 1260 3734 :eternae
1275 3678 1337 3733 vitae
1351 3694 1411 3732 curn
1425 3677 1535 3733 Cirristo
1547 3686 1575 3732 et
1601 3677 1701 3732 sanctis
1725 3678 1783 3748 ejus
1811 3678 1946 3748 partireris

1152 3768 1248 3835 iaetus,
1265 3769 1324 3822 sine
1344 3768 1425 3822 tlubio
1451 3769 1477 3822 in
1496 3776 1626 3822 aeternnm
1641 3768 1776 3838 gaudebit.
1798 3768 1858 3837 ipso
1877 3782 1946 3837 prar—

1152 3869 1240 3914 stautc
1255 3859 1368 3913 [lontrina
1393 3868 1485 3913 nostro
1500 3858 1563 3914 lesu
1589 3859 1706 3922 Christo,
1722 3858 1767 3928 qrri
1783 3860 1848 3913 rivit
1862 3867 1889 3913 et
1903 3874 1947 3912 re«

1151 3952 1254 4024 guntin
1271 3950 1368 4005 srccnla
1382 3952 1551 4005 sannionum.
1565 3950 1661 4004 Arnen.

1402 4059 1538 4114 ttdtlllttt
1561 4057 1690 4113 xxxvii.

1481 4146 1557 4183 rents
1579 4145 1615 4183 ιι.

1200 4221 1292 4276 Lectio
1304 4220 1430 4291 Epistola
1441 4222 1471 4275 ll.
1485 4220 1561 4275 Pauli
1576 4221 1610 4275 ad
1626 4220 1892 4276 Thessalonicenses.

1187 4312 1305 4380 Fratres,
1318 4331 1406 4368 omnes
1416 4331 1460 4368 uos
1478 4314 1528 4383 filii
1541 4314 1607 4367 iuris
1629 4315 1690 4368 estis
1703 4325 1727 4368 et
1740 4313 1791 4382 filii
1811 4316 1879 4379 dieb·
1892 4333 1944 4370 non

1151 4418 1241 4455 surmus
1254 4402 1347 4467 noctis,
1361 4419 1443 4473 neque
1452 4401 1628 4457 tenebrarum.

1186 4493 1325 4561 Quomodo
1335 4493 1413 4560 dirit,
1434 4494 1508 4550 Sicut
1527 4493 1759 4561 turritanensem
1778 4497 1870 4559 uerriet,
1893 4497 1941 4551 no·

1151 4586 1177 4640 iu
1190 4586 1249 4640 loco
1260 4586 1336 4650 dicit,
1349 4587 1477 4655 ursoniam
1500 4602 1553 4640 non
1576 4586 1640 4639 estis
1656 4585 1682 4638 ιιι
1699 4584 1828 4649 tenebris,
1843 4601 1941 4656 cogno>

310 4669 404 4741 iuquit,
420 4682 491 4725 amat
502 4670 646 4725 Dominum
658 4670 760 4736 «iesum,
774 4676 913 4726 anatliema
927 4674 969 4727 rit.
985 4674 1023 4728 liu
1041 4675 1098 4743 ipso
1151 4676 1227 4730 vistis
1245 4677 1318 4730 eninr
1332 4677 1484 4731 veritatem.
1510 4676 1602 4745 ltaque
1623 4684 1651 4729 et
1675 4676 1696 4728 si
1713 4683 1823 4744 reperite
1835 4675 1892 4730 dies
1905 4676 1944 4729 iu·

309 4777 386 4835 Μ
401 4764 526 4819 msslbitio
542 4773 605 4818 ⁵⁰¹¹!
618 4771 647 4818 ⁰¹
661 4763 698 4829 ¹¹5·
716 4779 784 4833 (1⁸⁰³
798 4763 883 4818 ⁵0⁶5·ss
900 4766 1039 4819 scurronum
1052 4783 1098 4820 00·
1151 4778 1214 4835 stat,
1229 4772 1276 4826 sed
1294 4788 1346 4826 nou
1360 4788 1424 4842 erga
1438 4786 1487 4825 vos
1501 4770 1623 4823 ordinent
1648 4767 1697 4822 sibi
1722 4767 1841 4841 uindicat
1864 4766 1941 4831 iuris,

308 4870 365 4909 ram
381 4864 412 4910 nt
429 4855 624 4910 abscindantur
645 4872 660 4911 a
679 4854 861 4911 orisericordia
878 4855 934 4917 liei,
959 4857 1004 4925 qni
1019 4857 1099 4912 Gala-
1111 4864 1138 4923 1)
1151 4864 1196 4933 qui
1204 4862 1316 4932 juvandi
1328 4865 1394 4919 estis
1404 4880 1437 4919 cx
1449 4862 1507 4931 ejus
1519 4863 1646 4926 adventu,
1661 4861 1707 4915 sed
1723 4860 1775 4916 illis
1787 4861 1832 4930 qni
1844 4877 1941 4924 noram

307 4951 348 4999 ιιι
364 4943 415 4998 Dei
441 4943 527 5014 gratia
551 4954 695 5008 exuerunt,
709 4952 736 4999 et
757 4958 812 4998 rrou
827 4943 913 5000 solutu
933 4946 1099 5015 spiritaliter,
1150 4963 1310 5026 exspectant
1323 4955 1468 5025 poenatenr.
1484 4954 1515 5007 Et
1531 4962 1560 5008 ut
1583 4953 1795 5023 recognitionem
1819 4953 1942 5009 sufficere

306 5033 352 5089 ted
366 5042 396 5089 et
409 5032 556 5089 carnaliter
569 5035 619 5089 bos
642 5034 789 5099 maledicit,
810 5042 840 5089 ut
866 5035 929 5105 quia
943 5036 1099 5092 circuurcidi

306 5124 416 5180 Galatas
429 5127 561 5197 cogebant
573 5126 624 5196 ipsi
638 5127 869 5194 abscinderentur,
894 5137 924 5183 ut
938 5128 1099 5200 multiplica-

307 5227 378 5273 narr
390 5220 435 5275 bis
449 5219 525 5274 dolor
538 5219 668 5289 corporis.

340 5309 497 5382 Quicunque
513 5309 600 5364 colunt
619 5310 762 5380 placerem
778 5326 873 5374 rnrue,
890 5310 917 5363 tri
935 5320 1029 5381 eupunt
1049 5328 1096 5367 uos

1149 5046 1201 5103 siut
1214 5062 1268 5101 non
1283 5046 1447 5108 existiment,
1460 5044 1567 5114 adjicit.

1185 5136 1272 5207 ipitttr
1282 5153 1335 5189 non
1346 5136 1507 5189 dormiamus
1521 5135 1588 5190 sicut
1600 5146 1624 5190 et
1635 5137 1735 5200 caleri,
1747 5135 1793 5191 sed
1808 5133 1941 5205 ripileones

1147 5236 1171 5280 et
1185 5227 1267 5281 sobrii
1287 5228 1378 5281 simus.
1395 5225 1446 5291 Qui
1460 5227 1529 5279 eninr
1543 5225 1689 5293 dormiunt,
1701 5238 1774 5280 nocte
1788 5225 1940 5286 dormiunt:

1145 5325 1171 5371 ιι
1185 5319 1231 5388 ptri
1242 5317 1414 5381 inebriantur,
1435 5324 1508 5370 noete
1527 5316 1699 5369 inebriantur.
1711 5316 1767 5369 Nos
1784 5324 1881 5379 antem,
1895 5316 1941 5384 qui

307 5401 458 5455 assumetur·
479 5411 591 5466 tantum,
616 5412 643 5457 ut
665 5404 751 5457 crucis
773 5401 871 5456 Cbristi
892 5414 1009 5472 persecut
1015 5406 1095 5458 'onrru
1144 5409 1198 5463 diei
1206 5425 1307 5476 sumtus,
1321 5408 1400 5462 sobrii
1412 5408 1536 5473 siuurs,et
1547 5406 1633 5460 induti
1646 5405 1755 5459 loricam
1765 5404 1828 5472 fidei
1841 5416 1864 5458 et
1878 5404 1941 5457 cira·

309 5494 519 5563 conpatiuntur.
535 5492 564 5546 ln
588 5509 669 5547 earne
683 5494 799 5563 placere,
823 5493 975 5547 lrouriuilms
989 5494 1095 5563 placere

308 5583 455 5653 significan
470 5592 500 5637 ιιι
513 5585 584 5638 enirn
597 5583 696 5639 iudaeis
715 5586 837 5656 propitiis
854 5593 900 5638 ιιιιι
916 5602 967 5638 uon
984 5584 1096 5640 irriensis

307 5675 434 5739 viverent,
447 5689 518 5745 quos
539 5677 775 5747 pseudoapostolos
805 5677 882 5741 dicit,
896 5676 934 5732 sic
958 5677 1095 5731 Christum

307 5766 498 5836 predicabant,
510 5774 541 5820 nt
551 5776 578 5820 et
589 5765 674 5837 legem
688 5767 847 5822 seruandam
866 5767 1005 5823 docerent.
1020 5766 1096 5834 Quod

307 5856 442 5928 sprntolns
455 5871 592 5928 nunquam
614 5859 720 5924 rrretnit,
734 5860 781 5914 sed
796 5869 952 5916 constanter
965 5862 1036 5931 quod
1051 5877 1096 5916 re

308 5959 363 6006 turn
380 5959 425 6007 est
439 5965 494 6006 non
518 5950 612 6017 tacuit,
628 5960 656 6007 et
678 5952 728 6007 sibi
748 5967 780 6006 er
794 5952 837 6007 lris
861 5954 1004 6023 providens
1028 5970 1096 6025 quos

307 6038 430 6100 menan
448 6042 564 6114 Denique
578 6059 635 6115 epo,
656 6044 751 6114 inquit,
776 6062 827 6099 nou
842 6045 927 6101 solum
942 6044 1029 6116 lipari,
1050 6046 1096 6100 scd

1145 5500 1243 5565 ritotis,
1259 5510 1283 5552 et
1295 5497 1396 5569 pnicum
1409 5513 1479 5567 spem
1500 5495 1603 5551 so'iutis.
1631 5495 1763 5560 Quoniam
1784 5512 1835 5548 uon
1853 5494 1940 5565 posuit

1146 5608 1193 5646 nos
1204 5591 1274 5645 Deus
1287 5592 1403 5655 itt-iram,
1417 5591 1461 5643 sed
1475 5591 1502 5643 in
1517 5589 1714 5659 {requisitionem
1727 5588 1819 5640 solutis
1832 5588 1938 5657 periin-

1146 5684 1245 5738 rninttm
1257 5693 1375 5737 nostrum
1389 5682 1480 5737 iesum
1495 5682 1639 5747 Christum,
1651 5681 1695 5751 qui
1707 5690 1825 5733 ntortuus
1836 5688 1873 5731 est
1891 5693 1939 5745 pro

1147 5775 1230 5838 uobis,
1247 5783 1274 5826 ut
1287 5774 1339 5829 sire
1353 5772 1497 5844 ripilemus.
1517 5774 1571 5828 sire
1591 5772 1766 5832 dormiamus,
1781 5766 1861 5822 simul
1880 5782 1940 5819 cunr

1147 5862 1192 5917 illo
1211 5865 1335 5918 uiuamus.
1351 5862 1484 5918 Convertit
1507 5863 1589 5934 igitur
1612 5877 1662 5917 nos
1679 5860 1726 5916 tali
1752 5862 1942 5911 remuneratos

1147 5954 1260 6008 scientia
1273 5954 1395 6025 vigilare,
1421 5961 1447 6008 et
1461 5952 1567 6009 sobrios
1587 5966 1648 6008 esse
1670 5965 1734 6020 erga
1760 5947 1868 6001 illorum
1880 5943 1948 5999 dili·

1147 6045 1266 6117 gentiam
1289 6060 1349 6117 quse
1374 6044 1452 6099 nobis
1476 6044 1650 6107 conveniunt,
1676 6040 1709 6097 ad
1735 6038 1949 6095 custodiendum
