4500 6842
301 654 354 712 titt
639 641 671 698 Β.
689 639 814 698 muttit
832 637 944 696 ddunt
961 633 1121 694 armum.
1137 627 1448 690 desumerentur
1466 626 1556 683 PARS
1573 626 1606 683 lt
1840 638 1843 648 ·
1873 620 1925 676 tlt

302 782 387 825 more.
399 784 409 818 v
421 764 489 822 Cum
500 768 590 818 autern
601 772 696 814 omnes
708 754 911 827 trepidaverint,
925 762 954 808 ct
967 753 1000 808 ad
1012 767 1090 807 mon-
1101 756 1127 812 A
1140 748 1305 818 contemptui
1319 747 1381 802 erit.
1404 745 1479 826 Fuga
1498 752 1526 800 et
1544 743 1701 812 captivitate
1720 751 1837 810 oogcute
1860 738 1929 794 divi·

302 872 365 914 tana
388 854 573 926 oortiugeriot,
591 865 688 907 manus
709 849 829 905 omniurn
850 847 1042 910 dissolventur,
1061 853 1089 900 et
1141 842 1202 906 tiae
1216 849 1244 895 et
1255 839 1315 894 auri
1326 837 1483 909 argentique
1496 834 1615 906 pondera
1627 831 1808 904 projicientin
1819 829 1928 901 plateis,

302 945 392 1002 nullus
414 952 509 999 contra
535 943 627 998 hostes
654 937 756 1009 poterit
776 937 914 1002 resistere,-
928 935 1089 1004 pavorisque
1139 950 1202 991 suas
1215 943 1320 990 uotum
1336 934 1442 987 animas
1454 944 1563 987 servare
1577 927 1728 999 cupientes,
1746 920 1929 991 nesimpou·

303 1032 486 1107 magnitudine
500 1029 578 1085 urina
599 1027 700 1101 polluet
718 1041 819 1098 genua,
835 1040 886 1082 nec
905 1024 1005 1080 valebit
1026 1037 1088 1095 pro·
1139 1027 1197 1083 deri
1211 1042 1271 1097 quae
1284 1026 1360 1097 prius
1373 1024 1448 1081 luere
1463 1023 1586 1078 luxuriae.
1605 1018 1732 1089 Alioquin
1744 1026 1772 1074 et
1787 1016 1867 1087 juxta
1881 1030 1930 1070 au-

302 1123 415 1181 lluentes
428 1135 512 1192 aquas
524 1119 613 1176 vesica
627 1115 764 1191 cohibere.
779 1114 927 1186 Accingent
948 1129 978 1169 se
994 1111 1089 1169 ciliciis
1139 1130 1241 1187 agogen
1252 1115 1420 1185 captivomm
1440 1121 1521 1182 atque
1539 1111 1697 1183 lugieutiurn
1711 1110 1745 1164 de
1765 1106 1928 1164 Jerusalem.

302 1223 330 1269 et
349 1220 450 1269 uemor
467 1210 556 1267 omnia
576 1205 734 1280 possidebit.
753 1205 811 1262 lloc
827 1206 854 1261 io
879 1205 925 1260 illo
937 1203 1036 1276 populo
1050 1201 1090 1258 ia·
1139 1203 1225 1262 Dmne
1251 1212 1394 1275 argentum
1418 1202 1577 1275 projicietur
1601 1201 1629 1256 in
1654 1199 1763 1271 plateis,
1786 1198 1814 1254 in
1836 1197 1890 1252 lata
1903 1206 1932 1253 et

303 1311 377 1360 ctum
394 1308 446 1367 cst,
464 1315 517 1356 non
531 1298 618 1355 solum
632 1298 683 1354 sub
693 1295 857 1369 babyloniis,
871 1296 919 1352 sed
934 1304 963 1354 et
974 1296 1025 1352 sub
1036 1294 1089 1350 ilo·
1140 1296 1257 1365 spatiosa
1269 1295 1322 1359 via,
1342 1309 1402 1365 qnae
1415 1295 1490 1351 ducit
1509 1294 1543 1348 ad
1565 1299 1690 1357 mortem,
1706 1291 1771 1361 quia
1786 1297 1930 1360 angustam

303 1393 403 1457 manis,
422 1390 530 1462 quando
544 1391 666 1461 peruenit
679 1390 706 1444 io
728 1404 776 1444 eos
792 1403 878 1458 usque
899 1389 933 1443 ad
947 1387 1028 1443 linem
1049 1387 1090 1442 ira
1140 1386 1235 1442 salutis
1256 1384 1382 1442 semitam
1404 1383 1582 1454 reliquerunt
1600 1380 1654 1437 Sed
1678 1388 1706 1435 ct
1727 1394 1809 1435 omne
1833 1393 1930 1433 aurum

303 1480 361 1535 Dei.
376 1480 508 1536 (ζιειειιιιιι
518 1488 546 1535 ει
559 1479 586 1533 in
600 1487 691 1534 nostra
702 1475 804 1543 iudaea,
821 1477 848 1532 in
861 1493 915 1548 qua
928 1486 970 1533 est
984 1476 1089 1533 Domini
1140 1475 1193 1531 erit
1206 1475 1382 1546 contemptui,
1400 1472 1442 1536 vel
1461 1474 1489 1528 in
1504 1469 1705 1542 sterquilinium
1722 1477 1804 1538 atquc
1817 1469 1932 1525 1ιιιιιιιιιι-

304 1567 450 1636 contessio,
472 1569 580 1641 quando
596 1567 780 1639 multiplicatae
800 1566 903 1623 luerint
923 1567 1088 1638 iniquitates,
1140 1565 1235 1621 ditium
1249 1565 1428 1635 reputabitur,
1444 1563 1583 1619 nonenim
1597 1571 1687 1633 potest
1699 1562 1800 1618 habere
1820 1560 1930 1618 mundi·

304 1670 332 1716 et
350 1660 487 1717 relrixerit
508 1661 627 1717 ebaritas
647 1658 804 1726 multorum,
823 1674 918 1716 omnes
931 1675 1029 1717 marrus
1043 1661 1091 1716 bo-
1141 1655 1223 1720 tiam,
1236 1654 1308 1725 quod
1323 1661 1399 1709 extra
1413 1652 1521 1708 Domini
1534 1652 1683 1709 Ecclesiam
1696 1660 1749 1708 est.

305 1769 525 1826 norumopcrum
546 1752 735 1816 dissolventur,
760 1759 788 1807 et
808 1761 905 1808 cuncta
929 1767 1015 1823 genua
1035 1752 1092 1809 sire
1179 1763 1189 1795 t
1212 1741 1359 1815 Argentum
1371 1756 1464 1798 torum
1483 1750 1511 1797 et
1530 1756 1626 1796 aumm
1638 1757 1733 1798 eorum
1754 1740 1813 1798 lton
1833 1741 1932 1798 valebit

306 1844 411 1901 icorora
434 1841 519 1900 duent
547 1842 625 1913 aquis
655 1857 749 1898 eorum
772 1841 818 1913 qni
850 1842 958 1899 illicitos
979 1843 1091 1914 quaesie·
1141 1834 1258 1892 liberare
1271 1834 1357 1890 eosin
1371 1832 1527 1888 diefuroris
1545 1832 1664 1889 Domini·
1688 1831 1785 1888 »Nulli
1795 1833 1933 1890 enimde-

308 1944 371 1988 runt
385 1932 552 1996 concubitus,
562 1939 593 1989 et
604 1946 672 2002 qnos
683 1931 712 1986 in
723 1932 782 2004 lege
793 1931 895 1987 dunum
906 1934 1017 1990 seminis
1029 1949 1092 1991 sus·
1141 1923 1216 1980 biurn
1235 1923 1299 1995 (1ΙΙίῐΙ
1321 1923 1470 1980 0b⁵ld¹⁰¹11⁵
1494 1931 1522 1981 ⁰¹
1544 1923 1623 1979 samis
1644 1933 1776 1995 tempore,
1791 1940 1890 1980 wilm
1903 1933 1931 1982 el

307 2023 424 2077 tinentes
438 2029 465 2077 et
479 2016 630 2076 immundos
653 2020 793 2091 Scriptura
811 2023 990 2093 cognominat.
1016 2022 1092 2088 Unde
1143 2023 1283 2088 ”denium
1295 2014 1445 2070 esurifflless
1467 2030 1520 2070 ¹¹⁰⁰
1534 2014 1641 2081 libem·
1660 2023 1687 2071 01
1707 2014 1770 2070 illisi
1789 2015 1932 2086 Ρῐθῑωθῑῑ·

307 2111 352 2182 qud
366 2110 434 2166 tales
453 2119 516 2165 ειιιιι
533 2107 633 2165 debent
649 2123 678 2165 se
697 2110 838 2182 accingere
854 2110 949 2169 ciliciis
961 2093 1131 2182 penten-'B
1145 2106 1213 2160 simo
1229 2105 1337 2161 metalo
1351 2105 1446 2162 dentes
1466 2106 1552 2161 instar
1564 2107 1701 2162 durissimi
1722 2106 1821 2177 lapidis
1842 2116 1930 2164 retun-

307 2201 353 2257 tiae
365 2210 393 2256 et
405 2208 548 2256 venturum
561 2200 691 2270 judicium
706 2199 864 2267 formidare,
879 2200 952 2272 quod
966 2201 1012 2271 qui
1023 2200 1097 2258 iece—
1146 2197 1255 2254 dantur.
1270 2197 1392 2270 Denique
1405 2197 1527 2268 sequitur
1541 2217 1549 2253 a

309 2296 345 2350 rit
357 2292 506 2348 merebitur
518 2291 616 2347 lsaianr
636 2291 740 2358 audire,
759 2292 911 2347 dicentem:
929 2310 938 2343 ι
957 2292 1098 2347 conforta-
1186 2310 1195 2343 ι
1211 2289 1337 2346 Animam
1348 2305 1427 2347 suam
1437 2307 1491 2348 oon
1504 2292 1672 2357 saturabunt,
1684 2301 1711 2349 et
1721 2300 1935 2349 uentreseonnu

308 2382 375 2439 mini
389 2397 485 2437 manus
499 2380 642 2441 demtum.
658 2390 685 2436 ει
705 2396 792 2453 genua
813 2380 910 2437 debilia
933 2381 1098 2438 roboramini
1147 2397 1200 2438 non
1228 2381 1417 2455 implebuntur.
1446 2365 1467 2436 ι’
1484 2382 1666 2440 remurinus
1689 2384 1768 2440 malis
1792 2385 1937 2442 didicimus

308 2472 376 2546 (lan.
393 2470 486 2546 xxxv).
502 2490 512 2524 v
1148 2472 1435 2530 multosdiritesinter
1447 2474 1703 2545 sericum,gcmmas
1713 2475 1813 2531 etauri
1823 2477 1938 2547 argenti-

222 2629 225 2634 θ
348 2563 400 2619 tin
421 2563 495 2619 omni
517 2561 588 2619 facie
601 2562 724 2618 conlusio
735 2570 763 2618 et
778 2561 806 2617 in
819 2562 954 2619 universis
966 2561 1099 2634 capitibus
1148 2580 1201 2635 quc
1223 2564 1343 2635 pondera
1367 2572 1489 2637 egestate
1511 2565 1658 2633 coniectos,
1684 2567 1814 2624 babuisse
1835 2569 1937 2625 exitura

311 2652 514 2709 ‹calvitium›
538 2651 632 2707 Rubor
649 2650 740 2708 vultus
762 2652 872 2724 pudoris
897 2652 1024 2708 indicium
1046 2663 1098 2718 εει,
1148 2655 1371 2711 mendicantium.
1386 2656 1537 2728 Argentum
1551 2665 1640 2713 autem
1660 2667 1689 2713 ot
1714 2673 1812 2714 aurum
1832 2672 1936 2726 eorum,

311 2746 475 2803 conscientia
486 2751 657 2817 pcccatorum
670 2743 742 2800 lucet
754 2744 782 2799 in
798 2744 879 2810 lucie,
895 2758 1010 2816 spesque
1025 2742 1099 2798 salu·
1149 2745 1196 2817 qui
1208 2755 1285 2804 extra
1301 2747 1449 2806 Ecclesiam
1467 2757 1539 2814 sunt,
1556 2765 1609 2806 non
1625 2748 1741 2808 liberare
1755 2752 1863 2808 animas
1878 2767 1937 2824 put·

311 2838 347 2892 tis
360 2845 412 2905 est,
425 2836 532 2909 quando
547 2833 676 2891 delictum
688 2833 811 2904 sequitur
827 2831 1001 2890 verecundia.
1022 2829 1100 2889 Unde
1149 2837 1294 2893 sitientium
1312 2838 1339 2893 in
1353 2839 1396 2896 die
1417 2838 1516 2896 luroris
1532 2825 1650 2908 Domini,
1673 2843 1720 2898 sed
1743 2852 1875 2899 aternam
1894 2859 1938 2901 eut

310 2928 346 2982 ad
367 2942 441 2992 eam,
457 2941 518 2996 quse
535 2923 605 2981 duro
617 2924 699 2981 corde
718 2924 746 2980 iu
763 2923 821 2979 suis
835 2923 954 2994 peccatis
968 2921 1101 2996 gloriaba·
1150 2926 1252 2983 babere
1266 2927 1365 2984 lamera
1378 2938 1406 2984 et
1420 2929 1492 2986 inaui
1512 2938 1609 2989 ventre
1629 2933 1755 3000 cruciari,
1771 2935 1893 2992 ostendit
1909 2933 1938 2992 il·

310 3030 375 3085 tur,
394 3021 493 3077 dictum
508 3028 569 3075 est:
584 3039 594 3073 ι
611 3019 708 3076 Facies
728 3016 881 3074 meretricis
896 3015 968 3071 iacta
982 3023 1025 3071 est
1038 3011 1097 3079 tibi,
1150 3016 1195 3074 lud
1209 3019 1392 3076 testimonium
1404 3020 1432 3075 in
1444 3021 1623 3091 quodicitur:
1644 3041 1654 3075 r
1672 3023 1938 3096 llcdcmptioaairac

311 3114 400 3171 nescis
412 3114 574 3169 erubescere
594 3109 662 3184 (der.
682 3109 735 3182 ru).
754 3108 921 3166 »calvitium
936 3121 1043 3179 quoque
1055 3120 1101 3162 ua·
1150 3107 1202 3164 riri
1217 3109 1333 3180 propriae
1356 3110 1458 3166 divitiae
1473 3107 1566 3184 (Pron.
1583 3111 1656 3183 xvir).
1675 3133 1685 3166 ι
1702 3112 1824 3185 Propriae
1841 3113 1939 3172 divitia

311 3203 377 3276 pitis
388 3202 489 3258 luctum
503 3201 647 3274 significat,
661 3200 769 3272 quando
779 3199 868 3272 perdit
881 3199 1007 3256 decorem
1017 3212 1101 3255 caasa·
1150 3208 1224 3266 sunt,
1238 3214 1307 3269 quas
1319 3214 1369 3255 nos
1382 3199 1483 3258 Christi
1502 3201 1602 3260 veritas
1623 3202 1726 3260 docuit.
1747 3203 1801 3272 Qui
1814 3205 1939 3278 precqrit

311 3297 367 3352 ries
377 3302 404 3351 ει
416 3294 642 3366 pulchritudinem
653 3308 793 3350 comarum
803 3292 964 3348 amittimus.
978 3289 1101 3362 Denique
1151 3300 1181 3346 ut
1192 3288 1322 3348 iaciamus
1334 3293 1411 3349 nobis
1422 3294 1523 3350 amicos
1534 3295 1567 3351 de
1583 3295 1677 3367 iniquo
1690 3312 1848 3353 mammona
1863 3297 1937 3370 (Les.

313 3385 348 3441 ad
371 3383 521 3440 Jerusalem
547 3382 646 3440 dicitur
660 3395 668 3436 ε
683 3400 693 3434 c
711 3381 764 3438 Pro
783 3386 942 3438 ornamento
952 3380 1049 3451 capitis
1062 3378 1100 3435 tui
1151 3380 1219 3452 xvij,
1231 3381 1277 3452 qui
1293 3397 1342 3439 uos
1356 3383 1525 3454 recipientia
1536 3393 1638 3442 eterna
1653 3386 1840 3444 uberuacula.
1854 3387 1938 3457 iouia

314 3473 427 3531 babebis
439 3472 578 3529 calvitium
595 3478 706 3545 propter
718 3485 800 3544 opera
822 3480 867 3527 tua
881 3469 949 3545 (iao.
970 3469 1022 3541 ιιι).
1037 3488 1048 3522 ι
1066 3444 1137 3525 iitC
1153 3474 1309 3532 scandalum
1320 3475 1470 3549 iniquitatis
1483 3493 1578 3535 eorum
1588 3478 1689 3536 iactum
1703 3489 1757 3537 est.
1777 3502 1787 3538 ι
1808 3482 1938 3555 (illem)

313 3564 384 3621 idem
406 3563 558 3635 propbeta:
580 3581 590 3616 t
620 3561 742 3630 Summa,
765 3561 861 3634 inquit,
876 3560 965 3632 capita
988 3560 1102 3616 inomni
1153 3560 1225 3628 ideo,
1244 3564 1343 3636 inquit,
1354 3567 1550 3637 possidentium
1569 3585 1667 3626 aumm
1683 3580 1712 3628 et
1725 3582 1880 3644 argentum,
1894 3589 1940 3631 uec

313 3653 373 3709 loco
386 3654 572 3718 attondentur,
585 3660 613 3707 et
624 3650 713 3707 omnis
727 3650 811 3707 barba
825 3648 1098 3723 radeturjltc.xv).r
1154 3655 1245 3711 anima
1265 3658 1441 3725 saturabitur,
1457 3674 1508 3716 nec
1521 3669 1616 3717 venter
1625 3661 1794 3734 implebitur,
1808 3666 1873 3735 quia
1893 3666 1938 3724 bnt

315 3742 556 3813 biicbaeasquoque
566 3741 600 3798 ad
607 3740 729 3797 eamdem
738 3738 888 3797 lemsalem
900 3758 907 3794 :
921 3759 930 3792 ι
945 3739 1102 3807 decalvare,
1154 3747 1241 3817 ipsum
1256 3762 1351 3804 aarum
1372 3756 1401 3804 et
1420 3758 1561 3822 argentum
1578 3753 1734 3811 mnodum
1749 3754 1884 3812 uestrum
1897 3772 1938 3814 es.

315 3831 362 3897 ait,
380 3839 409 3888 et
423 3832 534 3888 tondere
551 3845 632 3901 super
658 3828 729 3887 lllios
750 3829 907 3887 deliciarum
922 3838 1039 3899 marum,
1063 3830 1104 3886 di·
1154 3835 1217 3894 runi
1237 3838 1338 3896 lactum
1362 3849 1414 3897 est.
1436 3839 1576 3914 Signidcat
1599 3853 1690 3900 autem
1712 3845 1785 3902 idola
1804 3863 1867 3918 qure
1879 3863 1937 3904 auro

314 3921 372 3978 ¹²1³
392 3920 531 3978 calvitium
555 3931 639 3989 tuum,
663 3922 733 3978 ῦὶωῑ
754 3920 844 3992 aquile
864 3920 958 3995 (lici.
983 3919 1044 3993 1).»
1070 3920 1105 3978 Et
1154 3939 1319 4004 argentoque
1336 3931 1469 3989 fabricata
1481 3947 1545 3990 suos
1556 3942 1734 3991 εοιιιειιιιιιιιιι
1745 3937 1879 3993 artifices.
1894 3937 1937 3994 Pru

315 4025 397 4084 super
413 4013 527 4068 nrortuis
546 4012 656 4083 jubetur
668 4010 728 4067 lieri
751 4010 900 4069 calvitium.
928 4011 986 4067 Soli
1011 4020 1103 4068 autem
1154 4036 1208 4092 quo
1220 4020 1293 4076 Lxx
1301 4022 1507 4091 transtulerunt,
1522 4044 1531 4077 ι
1545 4023 1759 4093 Quiacruciatus
1773 4028 1935 4100 iniquitatate

316 4102 414 4169 saneti,
429 4104 481 4159 hoe
492 4110 545 4169 est,
558 4101 692 4170 Naaaral,
706 4102 791 4174 etqui
807 4102 839 4157 ad
853 4101 1038 4174 pontillcatom
1052 4103 1105 4160 Do·
1155 4126 1248 4168 eorum
1259 4109 1321 4179 luit,
1332 4131 1341 4163 ι
1353 4113 1420 4180 utin
1432 4128 1483 4170 suo
1495 4113 1580 4186 iniqui
1590 4119 1865 4186 ermrecrucientur,
1879 4131 1936 4176 etse

316 4194 384 4250 nrinl
403 4194 545 4264 peruenire
567 4203 734 4261 mercantur,
758 4209 812 4250 non
826 4191 925 4249 radunt
938 4194 1026 4265 capita
1042 4209 1102 4249 sua.
1157 4204 1310 4275 inteutgant
1321 4204 1391 4261 mate
1404 4204 1452 4264 bei
1465 4222 1578 4264 munera
1591 4208 1618 4264 tn
1630 4208 1829 4281 blasphemiam
1839 4227 1931 4268 mm

317 4281 411 4354 Neque
431 4282 503 4338 enirn
529 4282 631 4338 babent
654 4283 750 4339 mortis
771 4296 872 4353 opera,
899 4297 950 4340 nec
971 4284 1104 4369 Dnmundi
1156 4295 1232 4352 risse.

319 4381 394 4440 sunt,
418 4373 481 4444 quia
504 4372 636 4440 Nauaraei,
660 4374 688 4431 id
709 4382 762 4441 est,
788 4373 876 4433 sancti
889 4373 1004 4431 Domini
1030 4383 1103 4432 suat.
1194 4406 1204 4439 t
1226 4385 1259 4442 Et
1272 4396 1460 4444 omameatum
1474 4388 1614 4445 monilium
1626 4405 1739 4447 suorum
1751 4394 1780 4449 in
1794 4395 1934 4466 superbit!

318 4460 396 4530 duod
408 4461 432 4518 ti
445 4460 522 4532 luxit!
543 4475 591 4518 θοι
603 4462 735 4534 quispiam
758 4462 840 4518 fueri!
854 4473 987 4532 winus,
1010 4479 1106 4523 ⁰¹11ss0⁸
1156 4488 1316 4549 posuerunt.
1342 4479 1377 4535 iit
1397 4481 1528 4554 imagines
1540 4483 1773 4542 abominationum
1787 4503 1895 4544 suanum
1912 4494 1933 4541 et

319 4552 378 4609 dics
392 4551 499 4623 pristini
524 4567 577 4607 nou
601 4553 798 4623 reputabuntur
818 4552 1039 4611 sanetiucationis
1060 4570 1107 4612 eo·
1157 4568 1363 4626 simulacrorum
1377 4570 1501 4627 recerunt
1513 4587 1600 4629 exeo.
1617 4594 1627 4627 t
1646 4574 1931 4650 theggtnquigts

320 4657 391 4696 mm.
407 4639 517 4697 sanuel
529 4640 577 4697 1)θί
591 4650 702 4698 sancius
713 4652 783 4708 “ab
801 4652 828 4698 el
847 4652 990 4715 ilfflllleffla
1005 4653 1106 4701 :eterna
1158 4657 1251 4714 derum
1269 4659 1296 4713 in
1310 4668 1499 4716 ornamentum
1512 4663 1718 4732 possidentium,
1734 4676 1819 4737 atque
1833 4668 1932 4729 dividit»

320 4731 417 4802 capitis
431 4738 590 4788 ornamenta
604 4730 733 4803 possedit,
748 4732 903 4802 audivitque
914 4733 980 4790 illud
990 4732 1023 4792 de
1034 4735 1105 4791 Can·
1121 4745 1199 4847 Diui
1212 4757 1352 4804 verterunt
1365 4750 1392 4803 in
1414 4751 1578 4822 superbiam,
1605 4762 1636 4808 nt
1654 4754 1689 4810 de
1711 4757 1812 4826 quibus
1824 4763 1932 4829 poterae

321 4823 375 4880 tico
389 4825 577 4881 canticomm:
597 4844 606 4877 ι
619 4823 743 4880 cincinni
755 4826 793 4880 tui
807 4824 878 4895 nigri
890 4825 961 4882 sicut
974 4841 1082 4884 corvus.
1096 4849 1106 4883 ι
1160 4850 1209 4906 per
1230 4836 1414 4908 eleemosynas
1428 4847 1456 4892 et
1473 4839 1544 4894 bona
1560 4856 1643 4911 opera
1657 4857 1735 4898 suam
1749 4846 1870 4902 animaru
1881 4845 1929 4900 libe

322 4915 407 4971 Porro
417 4914 543 4981 Samson,
554 4915 617 4986 quia
623 4916 740 4986 perdidit
752 4931 868 4981 comam,
879 4917 994 4987 perdidit
1003 4918 1110 4975 fortitu·
1161 4939 1223 4980 rare
1245 4939 1278 4979 ex
1300 4924 1352 4981 illis
1369 4925 1500 4983 baberent
1515 4930 1654 4985 materiam
1670 4935 1844 5007 armgantiae.
1866 4933 1931 4992 Deti-

313 5005 1110 5082 dioemjludicxrrj,paulatimquerenascentibuscapillis
1160 5029 1214 5087 que
1241 5030 1275 5071 cx
1299 5030 1366 5072 auro
1390 5028 1554 5091 argentoque
1576 5018 1698 5077 lecerunt
1722 5024 1809 5091 idola,
1835 5035 1863 5082 et
1883 5037 1931 5082 vaca

324 5094 649 5164 viresredierepristinae‚
662 5098 788 5168 utplnrcs
797 5095 1109 5171 multomoricns,quam
1161 5121 1273 5163 munera
1290 5107 1317 5163 in
1332 5109 1484 5165 daemonnm
1506 5111 1650 5169 simulacra
1672 5122 1827 5172 verterunt.
1851 5114 1933 5174 laetu

312 5187 403 5241 virus
416 5186 562 5242 occideret.
582 5187 703 5256 Elisseae,
717 5190 781 5245 licet
800 5191 920 5261 corporis
932 5191 1044 5247 baberet
1055 5189 1111 5248 cal-
1162 5207 1252 5254 autem
1275 5199 1423 5271 tropologia
1445 5200 1518 5271 quod
1532 5216 1626 5258 aumm
1644 5211 1673 5259 et
1686 5215 1830 5276 argentum
1843 5219 1933 5270 susm,

326 5275 430 5339 vitium,
447 5284 536 5331 tamen
548 5277 610 5347 quia
622 5278 766 5335 Nazarmns
779 5279 886 5337 Domini
896 5289 965 5348 erat,
977 5281 1111 5339 cincinnis
1162 5296 1191 5344 ει
1205 5287 1311 5358 eloquia
1321 5288 1522 5361 Scripturamm
1537 5307 1599 5362 quae
1610 5292 1696 5349 electa
1712 5304 1777 5351 suut
1799 5297 1897 5362 muudi,
1913 5301 1935 5351 et

325 5365 423 5434 capitio
439 5364 578 5421 fruebatur
595 5367 628 5439 (l
635 5367 657 5422 V
676 5367 741 5440 [leg.
768 5371 816 5443 ιι).
839 5371 915 5427 Unde
939 5374 1027 5443 pueri,
1048 5374 1113 5445 quia
1163 5392 1223 5448 qnae
1242 5375 1320 5434 nobis
1338 5377 1365 5433 in
1386 5367 1575 5436 omameatum
1590 5381 1653 5438 data
1665 5393 1739 5452 suut,
1764 5387 1883 5445 baeretici
1897 5399 1937 5460 pe

326 5454 431 5524 parvuli
444 5464 532 5522 crant,
549 5464 578 5512 et
597 5458 711 5514 necdum
731 5461 765 5515 ad
788 5455 896 5517 ωἰιιειιι
912 5463 964 5519 riri
985 5477 1114 5535 pervene-
1165 5467 1313 5524 sncmntin
1326 5467 1483 5538 lomentum,
1497 5481 1525 5526 ct
1536 5474 1680 5530 materiam
1691 5478 1939 5547 superbiaeetiua·

329 5546 959 5623 ravit,illudeutoscalvitioejusatqucdicentes:
973 5555 1115 5612 «Ascende
1166 5556 1242 5627 gincs
1254 5556 1420 5611 diversorum
1437 5557 1591 5630 dogmatum
1611 5570 1639 5617 et
1664 5565 1893 5624 abominationum
1904 5573 1940 5622 at·

327 5634 414 5699 calve,
428 5637 544 5691 ascende
557 5636 643 5701 calce,
662 5655 671 5689 ι
688 5637 805 5693 letarum
822 5639 915 5696 laniati
936 5652 1000 5697 sunt
1023 5643 1118 5700 morsi·
1168 5649 1451 5721 queodendiculomm
1469 5669 1580 5710 suorum
1598 5654 1722 5715 lcoemnt
1738 5675 1773 5717 ex
1790 5661 1843 5729 eis,
1861 5669 1943 5734 atne

328 5724 389 5790 bus,
404 5739 519 5794 quarum
532 5725 616 5782 saltus
629 5742 661 5783 ac
672 5728 748 5784 sibae
759 5737 824 5785 sunt
838 5731 1033 5787 babitaculum.
1168 5755 1227 5811 quae
1244 5749 1370 5811 poterant
1383 5741 1471 5800 colere
1483 5753 1509 5802 et
1523 5746 1636 5804 adorare
1651 5747 1747 5815 ὓοιιιιι,
1762 5763 1799 5807 ex
1811 5752 1854 5810 eis
1868 5749 1946 5812 bun

366 5815 539 5887 «Argentum
549 5831 642 5872 eorum
660 5818 727 5875 ioris
740 5821 907 5890 projicietur,
927 5832 955 5877 et
966 5839 1060 5879 aurem
1072 5839 1118 5881 eu-
1168 5831 1339 5889 offenderint.

332 5919 417 5960 trum
438 5908 466 5962 in
484 5909 683 5979 sterquilinium
700 5913 789 5968 erit.»
811 5913 996 5985 Septuaginta.
1013 5915 1118 5987 Argen·
1207 5923 1344 5995 «Propter
1368 5925 1423 5982 boc
1443 5927 1504 5983 dedi
1522 5930 1563 5984 eis
1578 5928 1682 5987 illudio
1705 5931 1917 6002 immunditiam,
1929 5941 1953 5990 tl

331 6002 389 6053 ιιιιιι
401 6011 496 6057 eocutn
515 5996 543 6058 r'o
559 6001 657 6073 plateis
677 6004 843 6077 projicietur.
863 6015 891 6063 et
916 6022 1012 6064 aarum
1025 6025 1118 6067 eorum
1170 6011 1239 6068 dabo
1260 6014 1326 6067 illud
1352 6014 1378 6069 in
1393 6033 1488 6074 rnanus
1501 6019 1660 6088 alienorum,
1673 6022 1708 6077 ad
1723 6023 1919 6098 diripiendum,
1930 6029 1957 6086 ct
