<?xml version="1.0" encoding="UTF-8"?>
<!DOCTYPE html PUBLIC "-//W3C//DTD XHTML 1.0 Transitional//EN"
    "http://www.w3.org/TR/xhtml1/DTD/xhtml1-transitional.dtd">
<html xmlns="http://www.w3.org/1999/xhtml" xml:lang="en" lang="en">
 <head>
  <title>
</title>
<meta http-equiv="Content-Type" content="text/html;charset=utf-8" />
  <meta name='ocr-system' content='tesseract 3.04.00' />
  <meta name='ocr-capabilities' content='ocr_page ocr_carea ocr_par ocr_line ocrx_word'/>
</head>
<body>
  <div class='ocr_page' id='page_1' title='image "./patrologiaecurs95unkngoog_0359.png"; bbox 0 0 4500 6842; ppageno 0'>
   <div class='ocr_carea' id='block_1_1' title="bbox 302 631 1943 732">
    <p class='ocr_par' dir='ltr' id='par_1_1' title="bbox 302 631 1943 732">
     <span class='ocr_line' id='line_1_1' title="bbox 302 631 1943 732; baseline -0.002 -17"><span class='ocrx_word' id='word_1_1' title='bbox 302 661 363 723; x_wconf 81' lang='lat' dir='ltr'>ore</span> <span class='ocrx_word' id='word_1_2' title='bbox 723 699 728 712; x_wconf 91' lang='lat'>.</span> <span class='ocrx_word' id='word_1_3' title='bbox 786 653 964 732; x_wconf 70' lang='lat' dir='ltr'>nouum.</span> <span class='ocrx_word' id='word_1_4' title='bbox 983 655 1018 712; x_wconf 88' lang='grc' dir='ltr'>ιιι</span> <span class='ocrx_word' id='word_1_5' title='bbox 1037 654 1264 715; x_wconf 83' lang='lat' dir='ltr'>sucurrruuuu.</span> <span class='ocrx_word' id='word_1_6' title='bbox 1284 684 1320 703; x_wconf 91' lang='grc'>-.-</span> <span class='ocrx_word' id='word_1_7' title='bbox 1338 654 1402 712; x_wconf 82' lang='lat' dir='ltr'>uu.</span> <span class='ocrx_word' id='word_1_8' title='bbox 1423 655 1479 731; x_wconf 88' lang='lat' dir='ltr'>vn.</span> <span class='ocrx_word' id='word_1_9' title='bbox 1874 631 1943 723; x_wconf 78' lang='lat' dir='ltr'>&#39;eoo</span> 
     </span>
    </p>
   </div>
   <div class='ocr_carea' id='block_1_2' title="bbox 305 769 1970 3475">
    <p class='ocr_par' dir='ltr' id='par_1_2' title="bbox 305 769 1970 2838">
     <span class='ocr_line' id='line_1_2' title="bbox 305 769 1947 845; baseline -0.002 -9"><span class='ocrx_word' id='word_1_10' title='bbox 305 770 575 845; x_wconf 64' lang='lat' dir='ltr'>ubaffluwreseius</span> <span class='ocrx_word' id='word_1_11' title='bbox 581 769 723 828; x_wconf 86' lang='lat' dir='ltr'>tradentur</span> <span class='ocrx_word' id='word_1_12' title='bbox 732 769 883 838; x_wconf 88' lang='lat' dir='ltr'>ardoribus,</span> <span class='ocrx_word' id='word_1_13' title='bbox 892 778 922 826; x_wconf 92' lang='lat' dir='ltr'>ut</span> <span class='ocrx_word' id='word_1_14' title='bbox 931 769 1104 843; x_wconf 73' lang='lat' dir='ltr'>egrediantur</span> <span class='ocrx_word' id='word_1_15' title='bbox 1116 776 1141 835; x_wconf 74' lang='grc' dir='ltr'><strong>Α</strong></span> <span class='ocrx_word' id='word_1_16' title='bbox 1155 771 1271 842; x_wconf 86' lang='lat' dir='ltr'>primurn</span> <span class='ocrx_word' id='word_1_17' title='bbox 1282 770 1333 826; x_wconf 88' lang='lat' dir='ltr'>viri</span> <span class='ocrx_word' id='word_1_18' title='bbox 1347 769 1429 826; x_wconf 84' lang='lat' dir='ltr'>buerit</span> <span class='ocrx_word' id='word_1_19' title='bbox 1450 772 1587 828; x_wconf 86' lang='lat' dir='ltr'>consortio</span> <span class='ocrx_word' id='word_1_20' title='bbox 1602 772 1726 842; x_wconf 87' lang='lat' dir='ltr'>copulata</span> <span class='ocrx_word' id='word_1_21' title='bbox 1740 772 1903 845; x_wconf 74' lang='lat' dir='ltr'>Jerusalem,</span> <span class='ocrx_word' id='word_1_22' title='bbox 1915 790 1947 840; x_wconf 80' lang='lat' dir='ltr'>et</span> 
     </span>
     <span class='ocr_line' id='line_1_3' title="bbox 306 861 1946 940; baseline 0.002 -18"><span class='ocrx_word' id='word_1_23' title='bbox 306 867 344 926; x_wconf 82' lang='lat' dir='ltr'>de</span> <span class='ocrx_word' id='word_1_24' title='bbox 354 866 428 940; x_wconf 87' lang='lat' dir='ltr'>igne.</span> <span class='ocrx_word' id='word_1_25' title='bbox 441 883 452 919; x_wconf 89' lang='grc' dir='ltr'>ι</span> <span class='ocrx_word' id='word_1_26' title='bbox 465 861 502 921; x_wconf 74' lang='lat' dir='ltr'>Et</span> <span class='ocrx_word' id='word_1_27' title='bbox 515 862 736 934; x_wconf 87' lang='lat' dir='ltr'>ignisenusumat</span> <span class='ocrx_word' id='word_1_28' title='bbox 749 876 808 928; x_wconf 88' lang='lat' dir='ltr'>eos,</span> <span class='ocrx_word' id='word_1_29' title='bbox 826 881 836 915; x_wconf 84' lang='lat' dir='ltr'>r</span> <span class='ocrx_word' id='word_1_30' title='bbox 857 862 956 927; x_wconf 88' lang='lat' dir='ltr'>idest,</span> <span class='ocrx_word' id='word_1_31' title='bbox 978 861 1100 917; x_wconf 90' lang='lat' dir='ltr'>etiamsi</span> <span class='ocrx_word' id='word_1_32' title='bbox 1152 869 1229 916; x_wconf 91' lang='lat' dir='ltr'>ortus</span> <span class='ocrx_word' id='word_1_33' title='bbox 1251 867 1280 914; x_wconf 92' lang='lat' dir='ltr'>et</span> <span class='ocrx_word' id='word_1_34' title='bbox 1295 861 1419 917; x_wconf 74' lang='lat' dir='ltr'>educatio</span> <span class='ocrx_word' id='word_1_35' title='bbox 1440 869 1468 916; x_wconf 93' lang='lat' dir='ltr'>et</span> <span class='ocrx_word' id='word_1_36' title='bbox 1486 861 1614 932; x_wconf 76' lang='lat' dir='ltr'>pubertas</span> <span class='ocrx_word' id='word_1_37' title='bbox 1636 871 1663 919; x_wconf 85' lang='lat' dir='ltr'>et</span> <span class='ocrx_word' id='word_1_38' title='bbox 1677 865 1778 936; x_wconf 79' lang='lat' dir='ltr'>nuptias</span> <span class='ocrx_word' id='word_1_39' title='bbox 1800 875 1829 923; x_wconf 89' lang='lat' dir='ltr'>et</span> <span class='ocrx_word' id='word_1_40' title='bbox 1841 867 1946 928; x_wconf 83' lang='lat' dir='ltr'>adulte·</span> 
     </span>
     <span class='ocr_line' id='line_1_4' title="bbox 306 950 1970 1023; baseline 0.002 -7"><span class='ocrx_word' id='word_1_41' title='bbox 306 958 345 1016; x_wconf 82' lang='lat' dir='ltr'>tls</span> <span class='ocrx_word' id='word_1_42' title='bbox 367 958 433 1013; x_wconf 88' lang='lat' dir='ltr'>urbe</span> <span class='ocrx_word' id='word_1_43' title='bbox 457 955 611 1021; x_wconf 73' lang='lat' dir='ltr'>eraserint,</span> <span class='ocrx_word' id='word_1_44' title='bbox 633 953 699 1009; x_wconf 89' lang='lat' dir='ltr'>ioris</span> <span class='ocrx_word' id='word_1_45' title='bbox 722 953 812 1009; x_wconf 85' lang='lat' dir='ltr'>hostili</span> <span class='ocrx_word' id='word_1_46' title='bbox 831 953 920 1023; x_wconf 92' lang='lat' dir='ltr'>gladio</span> <span class='ocrx_word' id='word_1_47' title='bbox 938 961 1100 1008; x_wconf 84' lang='lat' dir='ltr'>consumen-</span> <span class='ocrx_word' id='word_1_48' title='bbox 1153 950 1234 1016; x_wconf 89' lang='lat' dir='ltr'>rium,</span> <span class='ocrx_word' id='word_1_49' title='bbox 1250 958 1278 1006; x_wconf 91' lang='lat' dir='ltr'>et</span> <span class='ocrx_word' id='word_1_50' title='bbox 1289 950 1440 1021; x_wconf 89' lang='lat' dir='ltr'>repudium,</span> <span class='ocrx_word' id='word_1_51' title='bbox 1454 959 1483 1007; x_wconf 92' lang='lat' dir='ltr'>et</span> <span class='ocrx_word' id='word_1_52' title='bbox 1498 968 1606 1010; x_wconf 86' lang='lat' dir='ltr'>rursum</span> <span class='ocrx_word' id='word_1_53' title='bbox 1618 956 1755 1013; x_wconf 87' lang='lat' dir='ltr'>revocatio</span> <span class='ocrx_word' id='word_1_54' title='bbox 1772 960 1943 1018; x_wconf 84' lang='lat' dir='ltr'>contexitur:</span> <span class='ocrx_word' id='word_1_55' title='bbox 1964 1011 1970 1020; x_wconf 89' lang='lat'>.</span> 
     </span>
     <span class='ocr_line' id='line_1_5' title="bbox 305 1041 1945 1117; baseline 0.002 -13"><span class='ocrx_word' id='word_1_56' title='bbox 305 1057 366 1104; x_wconf 82' lang='lat' dir='ltr'>tur.</span> <span class='ocrx_word' id='word_1_57' title='bbox 382 1047 417 1102; x_wconf 80' lang='lat' dir='ltr'>Et</span> <span class='ocrx_word' id='word_1_58' title='bbox 441 1046 487 1117; x_wconf 93' lang='lat' dir='ltr'>qui</span> <span class='ocrx_word' id='word_1_59' title='bbox 509 1044 700 1110; x_wconf 88' lang='lat' dir='ltr'>remanserint,</span> <span class='ocrx_word' id='word_1_60' title='bbox 721 1044 779 1115; x_wconf 88' lang='lat' dir='ltr'>ipso</span> <span class='ocrx_word' id='word_1_61' title='bbox 793 1044 964 1099; x_wconf 89' lang='lat' dir='ltr'>miseriarum</span> <span class='ocrx_word' id='word_1_62' title='bbox 983 1045 1101 1115; x_wconf 87' lang='lat' dir='ltr'>pondere</span> <span class='ocrx_word' id='word_1_63' title='bbox 1152 1041 1334 1098; x_wconf 88' lang='lat' dir='ltr'>utelentcntia</span> <span class='ocrx_word' id='word_1_64' title='bbox 1349 1044 1400 1099; x_wconf 85' lang='lat' dir='ltr'>tiri</span> <span class='ocrx_word' id='word_1_65' title='bbox 1418 1051 1499 1114; x_wconf 88' lang='lat' dir='ltr'>atque</span> <span class='ocrx_word' id='word_1_66' title='bbox 1513 1045 1645 1116; x_wconf 87' lang='lat' dir='ltr'>judicium</span> <span class='ocrx_word' id='word_1_67' title='bbox 1659 1056 1688 1103; x_wconf 92' lang='lat' dir='ltr'>et</span> <span class='ocrx_word' id='word_1_68' title='bbox 1706 1047 1945 1108; x_wconf 63' lang='lat' dir='ltr'>adulteraretur»</span> 
     </span>
     <span class='ocr_line' id='line_1_6' title="bbox 305 1132 1944 1212; baseline 0.002 -18"><span class='ocrx_word' id='word_1_69' title='bbox 305 1136 671 1212; x_wconf 84' lang='lat' dir='ltr'>pressl,meesselluminum</span> <span class='ocrx_word' id='word_1_70' title='bbox 682 1143 876 1208; x_wconf 88' lang='lat' dir='ltr'>recognoscent</span> <span class='ocrx_word' id='word_1_71' title='bbox 897 1135 977 1192; x_wconf 85' lang='lat' dir='ltr'>rCum</span> <span class='ocrx_word' id='word_1_72' title='bbox 986 1152 1101 1208; x_wconf 90' lang='lat' dir='ltr'>posuero</span> <span class='ocrx_word' id='word_1_73' title='bbox 1152 1132 1259 1187; x_wconf 76' lang='lat' dir='ltr'>tetricis</span> <span class='ocrx_word' id='word_1_74' title='bbox 1277 1134 1380 1189; x_wconf 84' lang='lat' dir='ltr'>seelera</span> <span class='ocrx_word' id='word_1_75' title='bbox 1407 1145 1616 1204; x_wconf 79' lang='lat' dir='ltr'>cogitoseautur.</span> <span class='ocrx_word' id='word_1_76' title='bbox 1640 1137 1709 1193; x_wconf 85' lang='lat' dir='ltr'>llum</span> <span class='ocrx_word' id='word_1_77' title='bbox 1732 1148 1794 1209; x_wconf 91' lang='lat' dir='ltr'>post</span> <span class='ocrx_word' id='word_1_78' title='bbox 1818 1142 1944 1198; x_wconf 84' lang='lat' dir='ltr'>universa</span> 
     </span>
     <span class='ocr_line' id='line_1_7' title="bbox 306 1224 1945 1299; baseline 0.002 -13"><span class='ocrx_word' id='word_1_79' title='bbox 306 1229 369 1286; x_wconf 82' lang='lat' dir='ltr'>sive</span> <span class='ocrx_word' id='word_1_80' title='bbox 381 1227 560 1284; x_wconf 88' lang='lat' dir='ltr'>obllr&#39;marero</span> <span class='ocrx_word' id='word_1_81' title='bbox 574 1226 668 1286; x_wconf 87' lang='lat' dir='ltr'>iaoiem</span> <span class='ocrx_word' id='word_1_82' title='bbox 680 1241 768 1280; x_wconf 83' lang='lat' dir='ltr'>meam</span> <span class='ocrx_word' id='word_1_83' title='bbox 785 1242 867 1296; x_wconf 89' lang='lat' dir='ltr'>super</span> <span class='ocrx_word' id='word_1_84' title='bbox 878 1241 935 1292; x_wconf 88' lang='lat' dir='ltr'>eos,</span> <span class='ocrx_word' id='word_1_85' title='bbox 959 1236 985 1282; x_wconf 95' lang='lat' dir='ltr'>et</span> <span class='ocrx_word' id='word_1_86' title='bbox 1001 1229 1100 1283; x_wconf 82' lang='lat' dir='ltr'>dedero</span> <span class='ocrx_word' id='word_1_87' title='bbox 1151 1224 1282 1295; x_wconf 84' lang='lat' dir='ltr'>supplicia</span> <span class='ocrx_word' id='word_1_88' title='bbox 1300 1226 1448 1281; x_wconf 86' lang='lat' dir='ltr'>suscitatei</span> <span class='ocrx_word' id='word_1_89' title='bbox 1469 1237 1576 1296; x_wconf 90' lang='lat' dir='ltr'>pactum</span> <span class='ocrx_word' id='word_1_90' title='bbox 1592 1230 1796 1299; x_wconf 87' lang='lat' dir='ltr'>sempiternum,</span> <span class='ocrx_word' id='word_1_91' title='bbox 1809 1239 1839 1287; x_wconf 91' lang='lat' dir='ltr'>ut</span> <span class='ocrx_word' id='word_1_92' title='bbox 1852 1247 1945 1290; x_wconf 75' lang='lat' dir='ltr'>reem·</span> 
     </span>
     <span class='ocr_line' id='line_1_8' title="bbox 307 1314 1945 1386; baseline 0.004 -11"><span class='ocrx_word' id='word_1_93' title='bbox 307 1317 371 1375; x_wconf 84' lang='lat' dir='ltr'>illos</span> <span class='ocrx_word' id='word_1_94' title='bbox 388 1317 415 1372; x_wconf 91' lang='lat' dir='ltr'>in</span> <span class='ocrx_word' id='word_1_95' title='bbox 438 1325 567 1371; x_wconf 81' lang='lat' dir='ltr'>aternam</span> <span class='ocrx_word' id='word_1_96' title='bbox 588 1314 769 1371; x_wconf 89' lang='lat' dir='ltr'>solitudinem.</span> <span class='ocrx_word' id='word_1_97' title='bbox 791 1334 801 1366; x_wconf 85' lang='grc' dir='ltr'>ι</span> <span class='ocrx_word' id='word_1_98' title='bbox 818 1315 875 1371; x_wconf 87' lang='lat' dir='ltr'>Non</span> <span class='ocrx_word' id='word_1_99' title='bbox 888 1316 960 1370; x_wconf 88' lang='lat' dir='ltr'>ertirn</span> <span class='ocrx_word' id='word_1_100' title='bbox 977 1324 1101 1385; x_wconf 83' lang='lat' dir='ltr'>pcccato-</span> <span class='ocrx_word' id='word_1_101' title='bbox 1152 1314 1230 1368; x_wconf 87' lang='lat' dir='ltr'>detur</span> <span class='ocrx_word' id='word_1_102' title='bbox 1248 1315 1399 1384; x_wconf 85' lang='lat' dir='ltr'>iniquitatis</span> <span class='ocrx_word' id='word_1_103' title='bbox 1418 1332 1474 1371; x_wconf 88' lang='lat' dir='ltr'>suae</span> <span class='ocrx_word' id='word_1_104' title='bbox 1495 1325 1524 1372; x_wconf 89' lang='lat' dir='ltr'>et</span> <span class='ocrx_word' id='word_1_105' title='bbox 1538 1318 1730 1386; x_wconf 79' lang='lat' dir='ltr'>confundatur,</span> <span class='ocrx_word' id='word_1_106' title='bbox 1746 1328 1773 1377; x_wconf 91' lang='lat' dir='ltr'>et</span> <span class='ocrx_word' id='word_1_107' title='bbox 1792 1338 1846 1377; x_wconf 90' lang='lat' dir='ltr'>uon</span> <span class='ocrx_word' id='word_1_108' title='bbox 1867 1323 1904 1379; x_wconf 93' lang='lat' dir='ltr'>sit</span> <span class='ocrx_word' id='word_1_109' title='bbox 1919 1324 1945 1382; x_wconf 90' lang='lat' dir='ltr'>el</span> 
     </span>
     <span class='ocr_line' id='line_1_9' title="bbox 307 1403 1946 1484; baseline 0.005 -21"><span class='ocrx_word' id='word_1_110' title='bbox 307 1407 436 1463; x_wconf 86' lang='lat' dir='ltr'>ressicut</span> <span class='ocrx_word' id='word_1_111' title='bbox 449 1414 554 1462; x_wconf 73' lang='lat' dir='ltr'>cetere</span> <span class='ocrx_word' id='word_1_112' title='bbox 567 1412 670 1475; x_wconf 89' lang='lat' dir='ltr'>gentes,</span> <span class='ocrx_word' id='word_1_113' title='bbox 688 1406 734 1460; x_wconf 89' lang='lat' dir='ltr'>sed</span> <span class='ocrx_word' id='word_1_114' title='bbox 745 1406 968 1474; x_wconf 74' lang='lat' dir='ltr'>prevaricatores</span> <span class='ocrx_word' id='word_1_115' title='bbox 987 1407 1098 1462; x_wconf 80' lang='lat' dir='ltr'>exstite-</span> <span class='ocrx_word' id='word_1_116' title='bbox 1151 1403 1221 1458; x_wconf 87' lang='lat' dir='ltr'>ultra</span> <span class='ocrx_word' id='word_1_117' title='bbox 1234 1406 1338 1473; x_wconf 90' lang='lat' dir='ltr'>aporire</span> <span class='ocrx_word' id='word_1_118' title='bbox 1362 1420 1393 1460; x_wconf 91' lang='lat' dir='ltr'>os</span> <span class='ocrx_word' id='word_1_119' title='bbox 1408 1417 1464 1475; x_wconf 71' lang='lat' dir='ltr'>prae</span> <span class='ocrx_word' id='word_1_120' title='bbox 1477 1406 1636 1463; x_wconf 79' lang='lat' dir='ltr'>contusione</span> <span class='ocrx_word' id='word_1_121' title='bbox 1657 1424 1718 1475; x_wconf 88' lang='lat' dir='ltr'>sua,</span> <span class='ocrx_word' id='word_1_122' title='bbox 1740 1427 1802 1466; x_wconf 89' lang='lat' dir='ltr'>curn</span> <span class='ocrx_word' id='word_1_123' title='bbox 1824 1414 1946 1484; x_wconf 88' lang='lat' dir='ltr'>placatus</span> 
     </span>
     <span class='ocr_line' id='line_1_10' title="bbox 306 1492 1948 1577; baseline 0.009 -28"><span class='ocrx_word' id='word_1_124' title='bbox 306 1503 384 1554; x_wconf 81' lang='lat' dir='ltr'>runt</span> <span class='ocrx_word' id='word_1_125' title='bbox 401 1493 480 1550; x_wconf 77' lang='lat' dir='ltr'>atiud</span> <span class='ocrx_word' id='word_1_126' title='bbox 493 1501 535 1548; x_wconf 91' lang='lat' dir='ltr'>est</span> <span class='ocrx_word' id='word_1_127' title='bbox 547 1494 618 1547; x_wconf 91' lang='lat' dir='ltr'>enim</span> <span class='ocrx_word' id='word_1_128' title='bbox 634 1492 769 1565; x_wconf 79' lang='lat' dir='ltr'>negligere</span> <span class='ocrx_word' id='word_1_129' title='bbox 790 1495 861 1564; x_wconf 90' lang='lat' dir='ltr'>quod</span> <span class='ocrx_word' id='word_1_130' title='bbox 878 1495 1000 1567; x_wconf 87' lang='lat' dir='ltr'>ignores,</span> <span class='ocrx_word' id='word_1_131' title='bbox 1024 1496 1097 1551; x_wconf 89' lang='lat' dir='ltr'>aliud</span> <span class='ocrx_word' id='word_1_132' title='bbox 1151 1494 1234 1550; x_wconf 82' lang='lat' dir='ltr'>luerit</span> <span class='ocrx_word' id='word_1_133' title='bbox 1252 1496 1288 1550; x_wconf 92' lang='lat' dir='ltr'>illi</span> <span class='ocrx_word' id='word_1_134' title='bbox 1305 1497 1330 1551; x_wconf 89' lang='lat' dir='ltr'>in</span> <span class='ocrx_word' id='word_1_135' title='bbox 1346 1499 1481 1564; x_wconf 89' lang='lat' dir='ltr'>omuibus,</span> <span class='ocrx_word' id='word_1_136' title='bbox 1497 1514 1556 1567; x_wconf 77' lang='lat' dir='ltr'>tque</span> <span class='ocrx_word' id='word_1_137' title='bbox 1570 1498 1683 1556; x_wconf 86' lang='lat' dir='ltr'>iecerat.</span> <span class='ocrx_word' id='word_1_138' title='bbox 1700 1501 1814 1557; x_wconf 86' lang='lat' dir='ltr'>liulturn</span> <span class='ocrx_word' id='word_1_139' title='bbox 1828 1520 1948 1577; x_wconf 89' lang='lat' dir='ltr'>namque</span> 
     </span>
     <span class='ocr_line' id='line_1_11' title="bbox 307 1581 1948 1661; baseline 0.008 -20"><span class='ocrx_word' id='word_1_140' title='bbox 307 1591 484 1642; x_wconf 73' lang='lat' dir='ltr'>mntemnere</span> <span class='ocrx_word' id='word_1_141' title='bbox 507 1581 578 1654; x_wconf 86' lang='lat' dir='ltr'>quoti</span> <span class='ocrx_word' id='word_1_142' title='bbox 611 1583 738 1638; x_wconf 87' lang='lat' dir='ltr'>colueris.</span> <span class='ocrx_word' id='word_1_143' title='bbox 766 1581 913 1640; x_wconf 86' lang='lat' dir='ltr'>Possumus</span> <span class='ocrx_word' id='word_1_144' title='bbox 940 1586 1047 1642; x_wconf 89' lang='lat' dir='ltr'>vineam</span> <span class='ocrx_word' id='word_1_145' title='bbox 1072 1596 1099 1641; x_wconf 89' lang='lat' dir='ltr'>et</span> <span class='ocrx_word' id='word_1_146' title='bbox 1150 1586 1259 1654; x_wconf 87' lang='lat' dir='ltr'>prodest</span> <span class='ocrx_word' id='word_1_147' title='bbox 1278 1588 1467 1655; x_wconf 84' lang='lat' dir='ltr'>peccatoribus</span> <span class='ocrx_word' id='word_1_148' title='bbox 1493 1589 1646 1661; x_wconf 79' lang='lat' dir='ltr'>scireque</span> <span class='ocrx_word' id='word_1_149' title='bbox 1674 1590 1798 1648; x_wconf 89' lang='lat' dir='ltr'>iecerint.</span> <span class='ocrx_word' id='word_1_150' title='bbox 1815 1594 1891 1652; x_wconf 88' lang='lat' dir='ltr'>lindc</span> <span class='ocrx_word' id='word_1_151' title='bbox 1918 1606 1948 1654; x_wconf 89' lang='lat' dir='ltr'>et</span> 
     </span>
     <span class='ocr_line' id='line_1_12' title="bbox 306 1674 1945 1751; baseline 0.003 -14"><span class='ocrx_word' id='word_1_152' title='bbox 306 1677 470 1745; x_wconf 72' lang='lat' dir='ltr'>Jerusalem,</span> <span class='ocrx_word' id='word_1_153' title='bbox 493 1676 571 1748; x_wconf 80' lang='lat' dir='ltr'>iuxta</span> <span class='ocrx_word' id='word_1_154' title='bbox 595 1676 801 1748; x_wconf 87' lang='lat' dir='ltr'>intelligentiam</span> <span class='ocrx_word' id='word_1_155' title='bbox 822 1679 971 1749; x_wconf 86' lang='lat' dir='ltr'>spiritalem</span> <span class='ocrx_word' id='word_1_156' title='bbox 998 1680 1099 1735; x_wconf 89' lang='lat' dir='ltr'>iutelli-</span> <span class='ocrx_word' id='word_1_157' title='bbox 1149 1675 1284 1742; x_wconf 86' lang='lat' dir='ltr'>poeniteus</span> <span class='ocrx_word' id='word_1_158' title='bbox 1312 1674 1453 1746; x_wconf 88' lang='lat' dir='ltr'>loquitur:</span> <span class='ocrx_word' id='word_1_159' title='bbox 1472 1698 1481 1729; x_wconf 86' lang='lat' dir='ltr'>r</span> <span class='ocrx_word' id='word_1_160' title='bbox 1501 1679 1633 1745; x_wconf 79' lang='lat' dir='ltr'>Quoniam</span> <span class='ocrx_word' id='word_1_161' title='bbox 1658 1681 1828 1751; x_wconf 89' lang='lat' dir='ltr'>iniquitatem</span> <span class='ocrx_word' id='word_1_162' title='bbox 1858 1701 1945 1741; x_wconf 87' lang='lat' dir='ltr'>meam</span> 
     </span>
     <span class='ocr_line' id='line_1_13' title="bbox 307 1759 1947 1848; baseline 0.002 -21"><span class='ocrx_word' id='word_1_163' title='bbox 307 1784 375 1848; x_wconf 83' lang='lat' dir='ltr'>gere</span> <span class='ocrx_word' id='word_1_164' title='bbox 395 1759 561 1826; x_wconf 85' lang='lat' dir='ltr'>credentium</span> <span class='ocrx_word' id='word_1_165' title='bbox 589 1768 797 1825; x_wconf 89' lang='lat' dir='ltr'>multitudinem.</span> <span class='ocrx_word' id='word_1_166' title='bbox 821 1769 887 1838; x_wconf 82' lang='lat' dir='ltr'>Quae</span> <span class='ocrx_word' id='word_1_167' title='bbox 914 1770 938 1826; x_wconf 92' lang='lat' dir='ltr'>si</span> <span class='ocrx_word' id='word_1_168' title='bbox 965 1769 1101 1842; x_wconf 87' lang='lat' dir='ltr'>negligens</span> <span class='ocrx_word' id='word_1_169' title='bbox 1120 1817 1130 1828; x_wconf 81' lang='grc'>.</span> <span class='ocrx_word' id='word_1_170' title='bbox 1150 1778 1201 1832; x_wconf 88' lang='lat' dir='ltr'>ego</span> <span class='ocrx_word' id='word_1_171' title='bbox 1219 1779 1362 1833; x_wconf 74' lang='lat' dir='ltr'>cognosco,</span> <span class='ocrx_word' id='word_1_172' title='bbox 1387 1774 1415 1821; x_wconf 89' lang='lat' dir='ltr'>ct</span> <span class='ocrx_word' id='word_1_173' title='bbox 1438 1777 1579 1837; x_wconf 85' lang='lat' dir='ltr'>peccatum</span> <span class='ocrx_word' id='word_1_174' title='bbox 1606 1785 1695 1824; x_wconf 88' lang='lat' dir='ltr'>meum</span> <span class='ocrx_word' id='word_1_175' title='bbox 1718 1781 1813 1828; x_wconf 89' lang='lat' dir='ltr'>contra</span> <span class='ocrx_word' id='word_1_176' title='bbox 1838 1789 1882 1829; x_wconf 91' lang='lat' dir='ltr'>me</span> <span class='ocrx_word' id='word_1_177' title='bbox 1904 1784 1947 1831; x_wconf 90' lang='lat' dir='ltr'>est</span> 
     </span>
     <span class='ocr_line' id='line_1_14' title="bbox 307 1852 1944 1938; baseline 0.002 -22"><span class='ocrx_word' id='word_1_178' title='bbox 307 1859 401 1926; x_wconf 77' lang='lat' dir='ltr'>luerit,</span> <span class='ocrx_word' id='word_1_179' title='bbox 412 1868 440 1914; x_wconf 90' lang='lat' dir='ltr'>et</span> <span class='ocrx_word' id='word_1_180' title='bbox 451 1857 583 1915; x_wconf 91' lang='lat' dir='ltr'>culturam</span> <span class='ocrx_word' id='word_1_181' title='bbox 603 1859 725 1930; x_wconf 78' lang='lat' dir='ltr'>pristina</span> <span class='ocrx_word' id='word_1_182' title='bbox 736 1860 873 1931; x_wconf 85' lang='lat' dir='ltr'>religionis</span> <span class='ocrx_word' id='word_1_183' title='bbox 885 1860 1026 1927; x_wconf 89' lang='lat' dir='ltr'>amiserit,</span> <span class='ocrx_word' id='word_1_184' title='bbox 1050 1875 1100 1915; x_wconf 88' lang='lat' dir='ltr'>nec</span> <span class='ocrx_word' id='word_1_185' title='bbox 1149 1865 1258 1924; x_wconf 81' lang='lat' dir='ltr'>semper</span> <span class='ocrx_word' id='word_1_186' title='bbox 1282 1852 1368 1927; x_wconf 82' lang='lat' dir='ltr'>(Psoi.</span> <span class='ocrx_word' id='word_1_187' title='bbox 1385 1855 1424 1929; x_wconf 86' lang='lat' dir='ltr'>u).</span> <span class='ocrx_word' id='word_1_188' title='bbox 1443 1877 1453 1910; x_wconf 86' lang='grc' dir='ltr'>ι</span> <span class='ocrx_word' id='word_1_189' title='bbox 1474 1856 1598 1925; x_wconf 82' lang='lat' dir='ltr'>Quattuor</span> <span class='ocrx_word' id='word_1_190' title='bbox 1615 1869 1706 1915; x_wconf 81' lang='lat' dir='ltr'>autent</span> <span class='ocrx_word' id='word_1_191' title='bbox 1727 1863 1814 1917; x_wconf 89' lang='lat' dir='ltr'>modis</span> <span class='ocrx_word' id='word_1_192' title='bbox 1830 1863 1944 1938; x_wconf 70' lang='lat' dir='ltr'>intelligi</span> 
     </span>
     <span class='ocr_line' id='line_1_15' title="bbox 307 1943 1945 2024; baseline 0.002 -16"><span class='ocrx_word' id='word_1_193' title='bbox 307 1951 431 2009; x_wconf 86' lang='lat' dir='ltr'>attulerit</span> <span class='ocrx_word' id='word_1_194' title='bbox 451 1948 543 2023; x_wconf 89' lang='lat' dir='ltr'>iruges</span> <span class='ocrx_word' id='word_1_195' title='bbox 558 1951 707 2014; x_wconf 89' lang='lat' dir='ltr'>virtutum,</span> <span class='ocrx_word' id='word_1_196' title='bbox 728 1965 780 2006; x_wconf 88' lang='lat' dir='ltr'>uec</span> <span class='ocrx_word' id='word_1_197' title='bbox 795 1951 887 2005; x_wconf 90' lang='lat' dir='ltr'>viuum</span> <span class='ocrx_word' id='word_1_198' title='bbox 903 1948 1013 2015; x_wconf 88' lang='lat' dir='ltr'>iecerit,</span> <span class='ocrx_word' id='word_1_199' title='bbox 1028 1949 1100 2020; x_wconf 92' lang='lat' dir='ltr'>quod</span> <span class='ocrx_word' id='word_1_200' title='bbox 1149 1950 1237 2013; x_wconf 79' lang='lat' dir='ltr'>polosl</span> <span class='ocrx_word' id='word_1_201' title='bbox 1260 1943 1420 2012; x_wconf 87' lang='lat' dir='ltr'>Jerusalem,</span> <span class='ocrx_word' id='word_1_202' title='bbox 1445 1948 1488 2004; x_wconf 86' lang='lat' dir='ltr'>rcl</span> <span class='ocrx_word' id='word_1_203' title='bbox 1506 1950 1580 2015; x_wconf 69' lang='lat' dir='ltr'>bate,</span> <span class='ocrx_word' id='word_1_204' title='bbox 1604 1965 1665 2020; x_wconf 82' lang='lat' dir='ltr'>quae</span> <span class='ocrx_word' id='word_1_205' title='bbox 1678 1949 1827 2024; x_wconf 85' lang='lat' dir='ltr'>Babylonio</span> <span class='ocrx_word' id='word_1_206' title='bbox 1849 1964 1877 2011; x_wconf 92' lang='lat' dir='ltr'>et</span> <span class='ocrx_word' id='word_1_207' title='bbox 1890 1955 1945 2011; x_wconf 87' lang='lat' dir='ltr'>llo-</span> 
     </span>
     <span class='ocr_line' id='line_1_16' title="bbox 308 2034 1944 2114; baseline 0.004 -17"><span class='ocrx_word' id='word_1_208' title='bbox 308 2037 429 2098; x_wconf 77' lang='lat' dir='ltr'>iaetillcat</span> <span class='ocrx_word' id='word_1_209' title='bbox 447 2041 496 2096; x_wconf 87' lang='lat' dir='ltr'>uor&#39;</span> <span class='ocrx_word' id='word_1_210' title='bbox 508 2038 635 2104; x_wconf 87' lang='lat' dir='ltr'>bominis,</span> <span class='ocrx_word' id='word_1_211' title='bbox 649 2039 757 2093; x_wconf 74' lang='lat' dir='ltr'>aeternis</span> <span class='ocrx_word' id='word_1_212' title='bbox 775 2038 896 2093; x_wconf 90' lang='lat' dir='ltr'>tradetur</span> <span class='ocrx_word' id='word_1_213' title='bbox 906 2036 1058 2103; x_wconf 89' lang='lat' dir='ltr'>ardoribus,</span> <span class='ocrx_word' id='word_1_214' title='bbox 1073 2046 1100 2094; x_wconf 90' lang='lat' dir='ltr'>et</span> <span class='ocrx_word' id='word_1_215' title='bbox 1151 2034 1304 2105; x_wconf 83' lang='lat' dir='ltr'>manoiguo</span> <span class='ocrx_word' id='word_1_216' title='bbox 1319 2051 1448 2093; x_wconf 88' lang='lat' dir='ltr'>succensa</span> <span class='ocrx_word' id='word_1_217' title='bbox 1459 2047 1501 2095; x_wconf 91' lang='lat' dir='ltr'>est</span> <span class='ocrx_word' id='word_1_218' title='bbox 1514 2058 1521 2094; x_wconf 91' lang='lat'>:</span> <span class='ocrx_word' id='word_1_219' title='bbox 1534 2040 1574 2096; x_wconf 89' lang='lat' dir='ltr'>vel</span> <span class='ocrx_word' id='word_1_220' title='bbox 1589 2041 1710 2098; x_wconf 88' lang='lat' dir='ltr'>coelestis</span> <span class='ocrx_word' id='word_1_221' title='bbox 1723 2045 1944 2114; x_wconf 86' lang='lat' dir='ltr'>primitivorum:</span> 
     </span>
     <span class='ocr_line' id='line_1_17' title="bbox 308 2126 1944 2207; baseline 0.001 -20"><span class='ocrx_word' id='word_1_222' title='bbox 308 2130 339 2187; x_wconf 88' lang='lat' dir='ltr'>iu</span> <span class='ocrx_word' id='word_1_223' title='bbox 355 2130 469 2187; x_wconf 91' lang='lat' dir='ltr'>nibilum</span> <span class='ocrx_word' id='word_1_224' title='bbox 483 2130 660 2201; x_wconf 87' lang='lat' dir='ltr'>reputabitur.</span> <span class='ocrx_word' id='word_1_225' title='bbox 682 2147 691 2180; x_wconf 86' lang='lat' dir='ltr'>r</span> <span class='ocrx_word' id='word_1_226' title='bbox 712 2126 812 2183; x_wconf 87' lang='lat' dir='ltr'>Servus</span> <span class='ocrx_word' id='word_1_227' title='bbox 826 2127 909 2193; x_wconf 91' lang='lat' dir='ltr'>enirn,</span> <span class='ocrx_word' id='word_1_228' title='bbox 922 2128 967 2197; x_wconf 91' lang='lat' dir='ltr'>qui</span> <span class='ocrx_word' id='word_1_229' title='bbox 982 2127 1033 2183; x_wconf 87' lang='lat' dir='ltr'>scit</span> <span class='ocrx_word' id='word_1_230' title='bbox 1047 2142 1095 2183; x_wconf 88' lang='lat' dir='ltr'>vn-</span> <span class='ocrx_word' id='word_1_231' title='bbox 1114 2126 1191 2185; x_wconf 77' lang='lat' dir='ltr'>litei</span> <span class='ocrx_word' id='word_1_232' title='bbox 1213 2126 1353 2192; x_wconf 85' lang='lat' dir='ltr'>Ecclesia,</span> <span class='ocrx_word' id='word_1_233' title='bbox 1381 2145 1441 2200; x_wconf 74' lang='lat' dir='ltr'>quae</span> <span class='ocrx_word' id='word_1_234' title='bbox 1466 2131 1660 2202; x_wconf 89' lang='lat' dir='ltr'>interpretatur</span> <span class='ocrx_word' id='word_1_235' title='bbox 1687 2135 1757 2191; x_wconf 91' lang='lat' dir='ltr'>visio</span> <span class='ocrx_word' id='word_1_236' title='bbox 1782 2137 1859 2207; x_wconf 87' lang='lat' dir='ltr'>pacis</span> <span class='ocrx_word' id='word_1_237' title='bbox 1875 2157 1882 2194; x_wconf 74' lang='grc' dir='ltr'>ι</span> <span class='ocrx_word' id='word_1_238' title='bbox 1901 2139 1944 2195; x_wconf 82' lang='lat' dir='ltr'>vel</span> 
     </span>
     <span class='ocr_line' id='line_1_18' title="bbox 307 2214 1944 2290; baseline 0.002 -15"><span class='ocrx_word' id='word_1_239' title='bbox 307 2219 443 2276; x_wconf 88' lang='lat' dir='ltr'>luntatem</span> <span class='ocrx_word' id='word_1_240' title='bbox 464 2220 565 2275; x_wconf 89' lang='lat' dir='ltr'>domiui</span> <span class='ocrx_word' id='word_1_241' title='bbox 583 2219 641 2284; x_wconf 90' lang='lat' dir='ltr'>sui,</span> <span class='ocrx_word' id='word_1_242' title='bbox 661 2228 690 2274; x_wconf 87' lang='lat' dir='ltr'>et</span> <span class='ocrx_word' id='word_1_243' title='bbox 708 2234 762 2274; x_wconf 92' lang='lat' dir='ltr'>uon</span> <span class='ocrx_word' id='word_1_244' title='bbox 782 2217 941 2286; x_wconf 81' lang='lat' dir='ltr'>faciteam,</span> <span class='ocrx_word' id='word_1_245' title='bbox 962 2218 1100 2288; x_wconf 80' lang='lat' dir='ltr'>vapulabit</span> <span class='ocrx_word' id='word_1_246' title='bbox 1149 2214 1246 2269; x_wconf 86' lang='lat' dir='ltr'>animae</span> <span class='ocrx_word' id='word_1_247' title='bbox 1267 2216 1449 2287; x_wconf 82' lang='lat' dir='ltr'>singulorum,</span> <span class='ocrx_word' id='word_1_248' title='bbox 1484 2236 1545 2290; x_wconf 75' lang='lat' dir='ltr'>quae</span> <span class='ocrx_word' id='word_1_249' title='bbox 1568 2220 1621 2276; x_wconf 61' lang='lat' dir='ltr'>dote</span> <span class='ocrx_word' id='word_1_250' title='bbox 1644 2233 1760 2279; x_wconf 82' lang='lat' dir='ltr'>corruunt</span> <span class='ocrx_word' id='word_1_251' title='bbox 1790 2229 1944 2286; x_wconf 86' lang='lat' dir='ltr'>[lominum.</span> 
     </span>
     <span class='ocr_line' id='line_1_19' title="bbox 308 2302 1945 2383; baseline 0.001 -15"><span class='ocrx_word' id='word_1_252' title='bbox 308 2311 404 2368; x_wconf 84' lang='lat' dir='ltr'>multis</span> <span class='ocrx_word' id='word_1_253' title='bbox 418 2310 494 2383; x_wconf 72' lang='lat' dir='ltr'>(bue.</span> <span class='ocrx_word' id='word_1_254' title='bbox 513 2310 573 2383; x_wconf 81' lang='grc' dir='ltr'>ιιι).</span> <span class='ocrx_word' id='word_1_255' title='bbox 589 2332 599 2364; x_wconf 85' lang='grc' dir='ltr'>ι</span> <span class='ocrx_word' id='word_1_256' title='bbox 618 2309 684 2366; x_wconf 87' lang='lat' dir='ltr'>Tale</span> <span class='ocrx_word' id='word_1_257' title='bbox 699 2310 763 2381; x_wconf 90' lang='lat' dir='ltr'>quid</span> <span class='ocrx_word' id='word_1_258' title='bbox 781 2320 809 2365; x_wconf 92' lang='lat' dir='ltr'>et</span> <span class='ocrx_word' id='word_1_259' title='bbox 832 2312 962 2368; x_wconf 75' lang='lat' dir='ltr'>Demirnm</span> <span class='ocrx_word' id='word_1_260' title='bbox 981 2311 1100 2383; x_wconf 89' lang='lat' dir='ltr'>loquitur</span> <span class='ocrx_word' id='word_1_261' title='bbox 1147 2302 1269 2375; x_wconf 87' lang='lat' dir='ltr'>illudque</span> <span class='ocrx_word' id='word_1_262' title='bbox 1285 2308 1358 2377; x_wconf 79' lang='lat' dir='ltr'>qood</span> <span class='ocrx_word' id='word_1_263' title='bbox 1376 2308 1497 2380; x_wconf 79' lang='lat' dir='ltr'>plerique</span> <span class='ocrx_word' id='word_1_264' title='bbox 1518 2311 1552 2366; x_wconf 81' lang='lat' dir='ltr'>de</span> <span class='ocrx_word' id='word_1_265' title='bbox 1568 2312 1671 2369; x_wconf 81' lang='lat' dir='ltr'>coelesti</span> <span class='ocrx_word' id='word_1_266' title='bbox 1694 2312 1842 2372; x_wconf 81' lang='lat' dir='ltr'>Jerusalem</span> <span class='ocrx_word' id='word_1_267' title='bbox 1858 2318 1945 2375; x_wconf 82' lang='lat' dir='ltr'>inter-</span> 
     </span>
     <span class='ocr_line' id='line_1_20' title="bbox 309 2399 1945 2476; baseline 0.012 -30"><span class='ocrx_word' id='word_1_268' title='bbox 309 2399 497 2472; x_wconf 66' lang='lat' dir='ltr'>mssvangepo</span> <span class='ocrx_word' id='word_1_269' title='bbox 516 2402 663 2457; x_wconf 62' lang='lat' dir='ltr'>secundum</span> <span class='ocrx_word' id='word_1_270' title='bbox 681 2400 812 2458; x_wconf 67' lang='lat' dir='ltr'>loannem</span> <span class='ocrx_word' id='word_1_271' title='bbox 829 2420 863 2456; x_wconf 86' lang='lat' dir='ltr'>:r</span> <span class='ocrx_word' id='word_1_272' title='bbox 888 2402 944 2473; x_wconf 76' lang='lat' dir='ltr'>Ego</span> <span class='ocrx_word' id='word_1_273' title='bbox 959 2419 1017 2459; x_wconf 80' lang='lat' dir='ltr'>sum</span> <span class='ocrx_word' id='word_1_274' title='bbox 1037 2403 1100 2459; x_wconf 78' lang='lat' dir='ltr'>viris</span> <span class='ocrx_word' id='word_1_275' title='bbox 1148 2406 1284 2466; x_wconf 88' lang='lat' dir='ltr'>pretatum</span> <span class='ocrx_word' id='word_1_276' title='bbox 1311 2407 1417 2467; x_wconf 91' lang='lat' dir='ltr'>putant,</span> <span class='ocrx_word' id='word_1_277' title='bbox 1442 2400 1564 2457; x_wconf 86' lang='lat' dir='ltr'>Ecclesia</span> <span class='ocrx_word' id='word_1_278' title='bbox 1590 2418 1644 2458; x_wconf 92' lang='lat' dir='ltr'>non</span> <span class='ocrx_word' id='word_1_279' title='bbox 1661 2406 1759 2476; x_wconf 86' lang='lat' dir='ltr'>recipit</span> <span class='ocrx_word' id='word_1_280' title='bbox 1788 2423 1822 2462; x_wconf 92' lang='lat' dir='ltr'>ne</span> <span class='ocrx_word' id='word_1_281' title='bbox 1841 2409 1945 2475; x_wconf 90' lang='lat' dir='ltr'>omnin,</span> 
     </span>
     <span class='ocr_line' id='line_1_21' title="bbox 308 2489 1945 2564; baseline 0.013 -32"><span class='ocrx_word' id='word_1_282' title='bbox 308 2492 740 2564; x_wconf 54' lang='lat' dir='ltr'>gemgtpqgermeuggggigola,</span> <span class='ocrx_word' id='word_1_283' title='bbox 755 2492 974 2563; x_wconf 62' lang='lat' dir='ltr'>Omnjgpqlmgg,</span> <span class='ocrx_word' id='word_1_284' title='bbox 989 2493 1102 2564; x_wconf 72' lang='lat' dir='ltr'>quimg.</span> <span class='ocrx_word' id='word_1_285' title='bbox 1149 2502 1209 2557; x_wconf 78' lang='lat' dir='ltr'>quae</span> <span class='ocrx_word' id='word_1_286' title='bbox 1236 2489 1263 2543; x_wconf 85' lang='lat' dir='ltr'>in</span> <span class='ocrx_word' id='word_1_287' title='bbox 1280 2491 1406 2559; x_wconf 83' lang='lat' dir='ltr'>ptaesenti</span> <span class='ocrx_word' id='word_1_288' title='bbox 1433 2492 1573 2563; x_wconf 63' lang='lat' dir='ltr'>prophetia</span> <span class='ocrx_word' id='word_1_289' title='bbox 1594 2503 1786 2562; x_wconf 69' lang='lat' dir='ltr'>conleleJlllll&#39;,</span> <span class='ocrx_word' id='word_1_290' title='bbox 1802 2498 1836 2553; x_wconf 80' lang='lat' dir='ltr'>ati</span> <span class='ocrx_word' id='word_1_291' title='bbox 1861 2499 1945 2554; x_wconf 69' lang='lat' dir='ltr'>emit}-</span> 
     </span>
     <span class='ocr_line' id='line_1_22' title="bbox 307 2580 1946 2657; baseline 0.004 -18"><span class='ocrx_word' id='word_1_292' title='bbox 307 2584 400 2639; x_wconf 89' lang='lat' dir='ltr'>netin</span> <span class='ocrx_word' id='word_1_293' title='bbox 417 2593 514 2650; x_wconf 72' lang='lat' dir='ltr'>meet</span> <span class='ocrx_word' id='word_1_294' title='bbox 533 2582 664 2639; x_wconf 91' lang='lat' dir='ltr'>nouincit</span> <span class='ocrx_word' id='word_1_295' title='bbox 679 2582 805 2648; x_wconf 78' lang='lat' dir='ltr'>fructum,</span> <span class='ocrx_word' id='word_1_296' title='bbox 824 2583 899 2656; x_wconf 79' lang='lat' dir='ltr'>tollet</span> <span class='ocrx_word' id='word_1_297' title='bbox 914 2583 989 2639; x_wconf 91' lang='lat' dir='ltr'>illum</span> <span class='ocrx_word' id='word_1_298' title='bbox 1000 2583 1097 2640; x_wconf 82' lang='lat' dir='ltr'>Pater:</span> <span class='ocrx_word' id='word_1_299' title='bbox 1148 2580 1231 2635; x_wconf 91' lang='lat' dir='ltr'>stium</span> <span class='ocrx_word' id='word_1_300' title='bbox 1246 2580 1432 2637; x_wconf 91' lang='lat' dir='ltr'>iortitudiuum</span> <span class='ocrx_word' id='word_1_301' title='bbox 1458 2583 1550 2640; x_wconf 91' lang='lat' dir='ltr'>ruinas</span> <span class='ocrx_word' id='word_1_302' title='bbox 1565 2592 1647 2657; x_wconf 90' lang='lat' dir='ltr'>atque</span> <span class='ocrx_word' id='word_1_303' title='bbox 1660 2586 1811 2654; x_wconf 88' lang='lat' dir='ltr'>cruciatus,</span> <span class='ocrx_word' id='word_1_304' title='bbox 1825 2598 1853 2644; x_wconf 91' lang='lat' dir='ltr'>et</span> <span class='ocrx_word' id='word_1_305' title='bbox 1865 2591 1946 2645; x_wconf 85' lang='lat' dir='ltr'>resti·</span> 
     </span>
     <span class='ocr_line' id='line_1_23' title="bbox 309 2671 1945 2749; baseline 0.001 -17"><span class='ocrx_word' id='word_1_306' title='bbox 309 2675 452 2742; x_wconf 77' lang='grc' dir='ltr'>Βιοιιιιιιι,</span> <span class='ocrx_word' id='word_1_307' title='bbox 467 2674 513 2747; x_wconf 90' lang='lat' dir='ltr'>qni</span> <span class='ocrx_word' id='word_1_308' title='bbox 527 2675 616 2732; x_wconf 81' lang='lat' dir='ltr'>adfert</span> <span class='ocrx_word' id='word_1_309' title='bbox 628 2675 755 2741; x_wconf 78' lang='lat' dir='ltr'>fructum,</span> <span class='ocrx_word' id='word_1_310' title='bbox 767 2677 891 2748; x_wconf 88' lang='lat' dir='ltr'>purgabit</span> <span class='ocrx_word' id='word_1_311' title='bbox 904 2693 976 2743; x_wconf 89' lang='lat' dir='ltr'>eum,</span> <span class='ocrx_word' id='word_1_312' title='bbox 991 2687 1021 2732; x_wconf 92' lang='lat' dir='ltr'>ut</span> <span class='ocrx_word' id='word_1_313' title='bbox 1042 2676 1101 2732; x_wconf 89' lang='lat' dir='ltr'>iru-</span> <span class='ocrx_word' id='word_1_314' title='bbox 1150 2671 1281 2726; x_wconf 83' lang='lat' dir='ltr'>tutionem</span> <span class='ocrx_word' id='word_1_315' title='bbox 1303 2671 1330 2727; x_wconf 89' lang='lat' dir='ltr'>in</span> <span class='ocrx_word' id='word_1_316' title='bbox 1354 2672 1499 2742; x_wconf 89' lang='lat' dir='ltr'>pristinum</span> <span class='ocrx_word' id='word_1_317' title='bbox 1516 2682 1617 2730; x_wconf 88' lang='lat' dir='ltr'>statum</span> <span class='ocrx_word' id='word_1_318' title='bbox 1643 2676 1783 2749; x_wconf 89' lang='lat' dir='ltr'>suscipere</span> <span class='ocrx_word' id='word_1_319' title='bbox 1796 2678 1945 2749; x_wconf 91' lang='lat' dir='ltr'>compella·</span> 
     </span>
     <span class='ocr_line' id='line_1_24' title="bbox 309 2764 1220 2838; baseline -0.005 -15"><span class='ocrx_word' id='word_1_320' title='bbox 309 2765 759 2838; x_wconf 83' lang='lat' dir='ltr'>ctumplusadlerat(Joarr.1v).</span> <span class='ocrx_word' id='word_1_321' title='bbox 780 2786 792 2820; x_wconf 84' lang='lat' dir='ltr'>r</span> <span class='ocrx_word' id='word_1_322' title='bbox 816 2766 844 2821; x_wconf 89' lang='lat' dir='ltr'>Si</span> <span class='ocrx_word' id='word_1_323' title='bbox 864 2776 953 2822; x_wconf 87' lang='lat' dir='ltr'>autern</span> <span class='ocrx_word' id='word_1_324' title='bbox 974 2764 1102 2822; x_wconf 76' lang='lat' dir='ltr'>Salvator</span> <span class='ocrx_word' id='word_1_325' title='bbox 1151 2780 1220 2820; x_wconf 87' lang='lat' dir='ltr'>rutrr.</span> 
     </span>
    </p>

    <p class='ocr_par' dir='ltr' id='par_1_3' title="bbox 308 2853 1949 3475">
     <span class='ocr_line' id='line_1_25' title="bbox 308 2853 1948 2930; baseline 0.001 -16"><span class='ocrx_word' id='word_1_326' title='bbox 308 2859 375 2914; x_wconf 85' lang='lat' dir='ltr'>vitis</span> <span class='ocrx_word' id='word_1_327' title='bbox 383 2867 436 2925; x_wconf 89' lang='lat' dir='ltr'>est,</span> <span class='ocrx_word' id='word_1_328' title='bbox 447 2867 476 2914; x_wconf 89' lang='lat' dir='ltr'>et</span> <span class='ocrx_word' id='word_1_329' title='bbox 486 2874 536 2914; x_wconf 91' lang='lat' dir='ltr'>nos</span> <span class='ocrx_word' id='word_1_330' title='bbox 549 2858 686 2930; x_wconf 87' lang='lat' dir='ltr'>palmites,</span> <span class='ocrx_word' id='word_1_331' title='bbox 701 2866 729 2915; x_wconf 92' lang='lat' dir='ltr'>et</span> <span class='ocrx_word' id='word_1_332' title='bbox 752 2858 851 2914; x_wconf 84' lang='lat' dir='ltr'>dicitur</span> <span class='ocrx_word' id='word_1_333' title='bbox 867 2866 944 2929; x_wconf 90' lang='lat' dir='ltr'>pater</span> <span class='ocrx_word' id='word_1_334' title='bbox 970 2855 1099 2928; x_wconf 88' lang='lat' dir='ltr'>agricola.</span> <span class='ocrx_word' id='word_1_335' title='bbox 1189 2872 1198 2905; x_wconf 90' lang='lat' dir='ltr'>r</span> <span class='ocrx_word' id='word_1_336' title='bbox 1213 2853 1299 2910; x_wconf 83' lang='lat' dir='ltr'>Radix</span> <span class='ocrx_word' id='word_1_337' title='bbox 1316 2859 1363 2909; x_wconf 90' lang='lat' dir='ltr'>tua</span> <span class='ocrx_word' id='word_1_338' title='bbox 1376 2863 1404 2911; x_wconf 89' lang='lat' dir='ltr'>et</span> <span class='ocrx_word' id='word_1_339' title='bbox 1415 2856 1555 2926; x_wconf 87' lang='lat' dir='ltr'>generatio</span> <span class='ocrx_word' id='word_1_340' title='bbox 1572 2865 1617 2913; x_wconf 90' lang='lat' dir='ltr'>tua</span> <span class='ocrx_word' id='word_1_341' title='bbox 1632 2857 1667 2913; x_wconf 88' lang='lat' dir='ltr'>de</span> <span class='ocrx_word' id='word_1_342' title='bbox 1678 2865 1753 2914; x_wconf 89' lang='lat' dir='ltr'>terra</span> <span class='ocrx_word' id='word_1_343' title='bbox 1763 2857 1903 2926; x_wconf 79' lang='lat' dir='ltr'>chanaan,</span> <span class='ocrx_word' id='word_1_344' title='bbox 1918 2868 1948 2916; x_wconf 90' lang='lat' dir='ltr'>et</span> 
     </span>
     <span class='ocr_line' id='line_1_26' title="bbox 309 2939 1944 3020; baseline -0.002 -15"><span class='ocrx_word' id='word_1_345' title='bbox 309 2939 501 3019; x_wconf 79' lang='lat' dir='ltr'>annutubei</span> <span class='ocrx_word' id='word_1_346' title='bbox 513 2957 648 3020; x_wconf 71' lang='lat' dir='ltr'>precepta</span> <span class='ocrx_word' id='word_1_347' title='bbox 659 2964 808 3014; x_wconf 84' lang='lat' dir='ltr'>servamus,</span> <span class='ocrx_word' id='word_1_348' title='bbox 817 2963 924 3018; x_wconf 82' lang='lat' dir='ltr'>semper</span> <span class='ocrx_word' id='word_1_349' title='bbox 939 2946 1100 3011; x_wconf 82' lang='lat' dir='ltr'>excolimur,</span> <span class='ocrx_word' id='word_1_350' title='bbox 1153 2963 1163 2997; x_wconf 87' lang='lat' dir='ltr'>r</span> <span class='ocrx_word' id='word_1_351' title='bbox 1179 2954 1257 3015; x_wconf 88' lang='lat' dir='ltr'>pater</span> <span class='ocrx_word' id='word_1_352' title='bbox 1270 2952 1333 3000; x_wconf 91' lang='lat' dir='ltr'>tuus</span> <span class='ocrx_word' id='word_1_353' title='bbox 1346 2945 1539 3011; x_wconf 77' lang='lat' dir='ltr'>amorrheus,</span> <span class='ocrx_word' id='word_1_354' title='bbox 1562 2954 1590 3001; x_wconf 91' lang='lat' dir='ltr'>ct</span> <span class='ocrx_word' id='word_1_355' title='bbox 1618 2955 1705 3004; x_wconf 86' lang='lat' dir='ltr'>mater</span> <span class='ocrx_word' id='word_1_356' title='bbox 1728 2955 1773 3002; x_wconf 91' lang='lat' dir='ltr'>tua</span> <span class='ocrx_word' id='word_1_357' title='bbox 1796 2947 1916 3004; x_wconf 77' lang='lat' dir='ltr'>Cetbrea.</span> <span class='ocrx_word' id='word_1_358' title='bbox 1934 2967 1944 3001; x_wconf 88' lang='grc' dir='ltr'>ι</span> 
     </span>
     <span class='ocr_line' id='line_1_27' title="bbox 308 3034 1946 3110; baseline -0.005 -10"><span class='ocrx_word' id='word_1_359' title='bbox 308 3050 339 3100; x_wconf 79' lang='lat' dir='ltr'>et</span> <span class='ocrx_word' id='word_1_360' title='bbox 351 3039 456 3097; x_wconf 85' lang='lat' dir='ltr'>cultura</span> <span class='ocrx_word' id='word_1_361' title='bbox 467 3050 558 3098; x_wconf 89' lang='lat' dir='ltr'>nostra</span> <span class='ocrx_word' id='word_1_362' title='bbox 570 3038 694 3110; x_wconf 85' lang='lat' dir='ltr'>purgatio</span> <span class='ocrx_word' id='word_1_363' title='bbox 707 3045 759 3094; x_wconf 89' lang='lat' dir='ltr'>est.</span> <span class='ocrx_word' id='word_1_364' title='bbox 774 3056 784 3089; x_wconf 86' lang='lat' dir='ltr'>r</span> <span class='ocrx_word' id='word_1_365' title='bbox 797 3036 855 3092; x_wconf 86' lang='lat' dir='ltr'>lion</span> <span class='ocrx_word' id='word_1_366' title='bbox 873 3045 915 3093; x_wconf 89' lang='lat' dir='ltr'>est</span> <span class='ocrx_word' id='word_1_367' title='bbox 925 3036 999 3092; x_wconf 90' lang='lat' dir='ltr'>enim</span> <span class='ocrx_word' id='word_1_368' title='bbox 1009 3034 1101 3092; x_wconf 84' lang='lat' dir='ltr'>rolen-</span> <span class='ocrx_word' id='word_1_369' title='bbox 1151 3034 1247 3108; x_wconf 91' lang='lat' dir='ltr'>llagna</span> <span class='ocrx_word' id='word_1_370' title='bbox 1264 3034 1342 3101; x_wconf 88' lang='lat' dir='ltr'>tides,</span> <span class='ocrx_word' id='word_1_371' title='bbox 1357 3034 1468 3106; x_wconf 89' lang='lat' dir='ltr'>grandis</span> <span class='ocrx_word' id='word_1_372' title='bbox 1490 3035 1603 3091; x_wconf 86' lang='lat' dir='ltr'>audacia</span> <span class='ocrx_word' id='word_1_373' title='bbox 1624 3036 1816 3109; x_wconf 85' lang='lat' dir='ltr'>prophetarum</span> <span class='ocrx_word' id='word_1_374' title='bbox 1831 3078 1839 3103; x_wconf 95' lang='lat'>,</span> <span class='ocrx_word' id='word_1_375' title='bbox 1862 3052 1946 3093; x_wconf 91' lang='lat' dir='ltr'>unum</span> 
     </span>
     <span class='ocr_line' id='line_1_28' title="bbox 309 3114 1943 3204; baseline -0.006 -14"><span class='ocrx_word' id='word_1_376' title='bbox 309 3134 346 3190; x_wconf 87' lang='lat' dir='ltr'>tis</span> <span class='ocrx_word' id='word_1_377' title='bbox 360 3146 449 3204; x_wconf 88' lang='lat' dir='ltr'>neque</span> <span class='ocrx_word' id='word_1_378' title='bbox 461 3114 606 3197; x_wconf 79' lang='lat' dir='ltr'>currentis,</span> <span class='ocrx_word' id='word_1_379' title='bbox 620 3130 667 3186; x_wconf 89' lang='lat' dir='ltr'>sed</span> <span class='ocrx_word' id='word_1_380' title='bbox 687 3129 840 3185; x_wconf 89' lang='lat' dir='ltr'>miserentis</span> <span class='ocrx_word' id='word_1_381' title='bbox 852 3127 900 3184; x_wconf 85' lang='lat' dir='ltr'>Dei</span> <span class='ocrx_word' id='word_1_382' title='bbox 913 3126 1003 3199; x_wconf 82' lang='lat' dir='ltr'>(Rom.</span> <span class='ocrx_word' id='word_1_383' title='bbox 1017 3126 1066 3200; x_wconf 80' lang='lat' dir='ltr'>vx).</span> <span class='ocrx_word' id='word_1_384' title='bbox 1089 3147 1099 3181; x_wconf 84' lang='lat' dir='ltr'>r</span> <span class='ocrx_word' id='word_1_385' title='bbox 1151 3124 1290 3182; x_wconf 89' lang='lat' dir='ltr'>bominem</span> <span class='ocrx_word' id='word_1_386' title='bbox 1308 3133 1394 3180; x_wconf 90' lang='lat' dir='ltr'>totam</span> <span class='ocrx_word' id='word_1_387' title='bbox 1410 3125 1506 3181; x_wconf 89' lang='lat' dir='ltr'>urbem</span> <span class='ocrx_word' id='word_1_388' title='bbox 1523 3123 1702 3197; x_wconf 87' lang='lat' dir='ltr'>ignobilitalis</span> <span class='ocrx_word' id='word_1_389' title='bbox 1717 3142 1842 3198; x_wconf 89' lang='lat' dir='ltr'>arguere.</span> <span class='ocrx_word' id='word_1_390' title='bbox 1859 3126 1943 3182; x_wconf 85' lang='lat' dir='ltr'>ilira-</span> 
     </span>
     <span class='ocr_line' id='line_1_29' title="bbox 309 3211 1943 3291; baseline -0.002 -12"><span class='ocrx_word' id='word_1_391' title='bbox 309 3222 389 3291; x_wconf 81' lang='lat' dir='ltr'>Quod</span> <span class='ocrx_word' id='word_1_392' title='bbox 409 3222 433 3278; x_wconf 87' lang='lat' dir='ltr'>si</span> <span class='ocrx_word' id='word_1_393' title='bbox 448 3219 601 3278; x_wconf 81' lang='lat' dir='ltr'>adserentes</span> <span class='ocrx_word' id='word_1_394' title='bbox 624 3220 761 3285; x_wconf 83' lang='lat' dir='ltr'>iructuur,</span> <span class='ocrx_word' id='word_1_395' title='bbox 782 3232 955 3289; x_wconf 88' lang='lat' dir='ltr'>purgamura</span> <span class='ocrx_word' id='word_1_396' title='bbox 970 3226 1057 3288; x_wconf 88' lang='lat' dir='ltr'>patre,</span> <span class='ocrx_word' id='word_1_397' title='bbox 1074 3224 1104 3272; x_wconf 93' lang='grc' dir='ltr'>ιιι</span> <span class='ocrx_word' id='word_1_398' title='bbox 1151 3211 1214 3272; x_wconf 91' lang='lat' dir='ltr'>bilis</span> <span class='ocrx_word' id='word_1_399' title='bbox 1226 3214 1335 3281; x_wconf 84' lang='lat' dir='ltr'>Daniel,</span> <span class='ocrx_word' id='word_1_400' title='bbox 1359 3215 1405 3285; x_wconf 94' lang='lat' dir='ltr'>qui</span> <span class='ocrx_word' id='word_1_401' title='bbox 1426 3216 1464 3271; x_wconf 90' lang='lat' dir='ltr'>ad</span> <span class='ocrx_word' id='word_1_402' title='bbox 1482 3215 1671 3287; x_wconf 81' lang='lat' dir='ltr'>presbyterum</span> <span class='ocrx_word' id='word_1_403' title='bbox 1684 3215 1897 3289; x_wconf 88' lang='lat' dir='ltr'>delinquentem,</span> <span class='ocrx_word' id='word_1_404' title='bbox 1913 3227 1943 3275; x_wconf 90' lang='lat' dir='ltr'>et</span> 
     </span>
     <span class='ocr_line' id='line_1_30' title="bbox 310 3306 1947 3384; baseline -0.002 -14"><span class='ocrx_word' id='word_1_405' title='bbox 310 3314 417 3370; x_wconf 88' lang='lat' dir='ltr'>iructns</span> <span class='ocrx_word' id='word_1_406' title='bbox 431 3311 575 3384; x_wconf 90' lang='lat' dir='ltr'>ampliores</span> <span class='ocrx_word' id='word_1_407' title='bbox 584 3308 748 3374; x_wconf 85' lang='lat' dir='ltr'>adieramus,</span> <span class='ocrx_word' id='word_1_408' title='bbox 761 3308 914 3364; x_wconf 87' lang='lat' dir='ltr'>ostenditur</span> <span class='ocrx_word' id='word_1_409' title='bbox 928 3322 1036 3363; x_wconf 90' lang='lat' dir='ltr'>omnem</span> <span class='ocrx_word' id='word_1_410' title='bbox 1052 3321 1101 3361; x_wconf 89' lang='lat' dir='ltr'>uo·</span> <span class='ocrx_word' id='word_1_411' title='bbox 1152 3306 1284 3365; x_wconf 86' lang='lat' dir='ltr'>adulterio</span> <span class='ocrx_word' id='word_1_412' title='bbox 1295 3307 1453 3379; x_wconf 87' lang='lat' dir='ltr'>jungentem</span> <span class='ocrx_word' id='word_1_413' title='bbox 1464 3308 1652 3375; x_wconf 82' lang='lat' dir='ltr'>nomicidium,</span> <span class='ocrx_word' id='word_1_414' title='bbox 1673 3323 1741 3381; x_wconf 86' lang='lat' dir='ltr'>puer</span> <span class='ocrx_word' id='word_1_415' title='bbox 1752 3317 1835 3365; x_wconf 88' lang='lat' dir='ltr'>ausus</span> <span class='ocrx_word' id='word_1_416' title='bbox 1849 3320 1891 3367; x_wconf 91' lang='lat' dir='ltr'>est</span> <span class='ocrx_word' id='word_1_417' title='bbox 1905 3310 1947 3367; x_wconf 88' lang='lat' dir='ltr'>dt·</span> 
     </span>
     <span class='ocr_line' id='line_1_31' title="bbox 309 3397 1949 3475; baseline -0.003 -12"><span class='ocrx_word' id='word_1_418' title='bbox 309 3415 398 3465; x_wconf 88' lang='lat' dir='ltr'>strum</span> <span class='ocrx_word' id='word_1_419' title='bbox 419 3413 545 3461; x_wconf 85' lang='lat' dir='ltr'>conatum</span> <span class='ocrx_word' id='word_1_420' title='bbox 561 3401 695 3472; x_wconf 79' lang='lat' dir='ltr'>adiutorio</span> <span class='ocrx_word' id='word_1_421' title='bbox 708 3400 756 3456; x_wconf 80' lang='lat' dir='ltr'>liei</span> <span class='ocrx_word' id='word_1_422' title='bbox 769 3399 911 3471; x_wconf 89' lang='lat' dir='ltr'>pervenire</span> <span class='ocrx_word' id='word_1_423' title='bbox 922 3400 955 3454; x_wconf 95' lang='lat' dir='ltr'>ad</span> <span class='ocrx_word' id='word_1_424' title='bbox 969 3399 1061 3465; x_wconf 81' lang='lat' dir='ltr'>linem,</span> <span class='ocrx_word' id='word_1_425' title='bbox 1076 3407 1104 3453; x_wconf 92' lang='lat' dir='ltr'>et</span> <span class='ocrx_word' id='word_1_426' title='bbox 1153 3413 1231 3456; x_wconf 87' lang='lat' dir='ltr'>cere:</span> <span class='ocrx_word' id='word_1_427' title='bbox 1248 3416 1258 3451; x_wconf 92' lang='lat' dir='ltr'>r</span> <span class='ocrx_word' id='word_1_428' title='bbox 1275 3399 1374 3455; x_wconf 89' lang='lat' dir='ltr'>Semen</span> <span class='ocrx_word' id='word_1_429' title='bbox 1384 3398 1513 3455; x_wconf 80' lang='lat' dir='ltr'>chanaan</span> <span class='ocrx_word' id='word_1_430' title='bbox 1523 3406 1552 3455; x_wconf 89' lang='lat' dir='ltr'>et</span> <span class='ocrx_word' id='word_1_431' title='bbox 1565 3416 1618 3456; x_wconf 91' lang='lat' dir='ltr'>non</span> <span class='ocrx_word' id='word_1_432' title='bbox 1630 3397 1709 3466; x_wconf 87' lang='lat' dir='ltr'>Juda,</span> <span class='ocrx_word' id='word_1_433' title='bbox 1724 3401 1829 3471; x_wconf 88' lang='lat' dir='ltr'>speeies</span> <span class='ocrx_word' id='word_1_434' title='bbox 1842 3401 1949 3475; x_wconf 84' lang='lat' dir='ltr'>decepit</span> 
     </span>
    </p>
   </div>
   <div class='ocr_carea' id='block_1_3' title="bbox 307 3479 1954 5373">
    <p class='ocr_par' dir='ltr' id='par_1_4' title="bbox 307 3479 1954 5283">
     <span class='ocr_line' id='line_1_32' title="bbox 310 3479 1948 3570; baseline -0.006 -17"><span class='ocrx_word' id='word_1_435' title='bbox 310 3496 433 3556; x_wconf 75' lang='lat' dir='ltr'>tumtum</span> <span class='ocrx_word' id='word_1_436' title='bbox 452 3493 542 3550; x_wconf 79' lang='lat' dir='ltr'>lasere</span> <span class='ocrx_word' id='word_1_437' title='bbox 562 3491 745 3563; x_wconf 88' lang='lat' dir='ltr'>plenitudinis.</span> <span class='ocrx_word' id='word_1_438' title='bbox 762 3489 812 3558; x_wconf 84' lang='lat' dir='ltr'>Qui</span> <span class='ocrx_word' id='word_1_439' title='bbox 830 3500 920 3546; x_wconf 88' lang='lat' dir='ltr'>autem</span> <span class='ocrx_word' id='word_1_440' title='bbox 931 3490 1035 3561; x_wconf 90' lang='lat' dir='ltr'>palmes</span> <span class='ocrx_word' id='word_1_441' title='bbox 1047 3479 1139 3545; x_wconf 80' lang='lat' dir='ltr'>tro-C</span> <span class='ocrx_word' id='word_1_442' title='bbox 1155 3506 1183 3555; x_wconf 72' lang='grc' dir='ltr'>ω</span> <span class='ocrx_word' id='word_1_443' title='bbox 1196 3489 1278 3570; x_wconf 73' lang='lat' dir='ltr'>(Dan,</span> <span class='ocrx_word' id='word_1_444' title='bbox 1293 3497 1365 3569; x_wconf 79' lang='lat' dir='ltr'>aut).</span> <span class='ocrx_word' id='word_1_445' title='bbox 1382 3515 1392 3551; x_wconf 66' lang='grc' dir='ltr'>ι</span> <span class='ocrx_word' id='word_1_446' title='bbox 1408 3494 1521 3568; x_wconf 74' lang='lat' dir='ltr'>Magnus</span> <span class='ocrx_word' id='word_1_447' title='bbox 1539 3503 1567 3550; x_wconf 79' lang='lat' dir='ltr'>et</span> <span class='ocrx_word' id='word_1_448' title='bbox 1590 3495 1675 3551; x_wconf 75' lang='lat' dir='ltr'>isaias</span> <span class='ocrx_word' id='word_1_449' title='bbox 1718 3496 1764 3567; x_wconf 85' lang='lat' dir='ltr'>qui</span> <span class='ocrx_word' id='word_1_450' title='bbox 1789 3495 1888 3552; x_wconf 68' lang='lat' dir='ltr'>elamat</span> <span class='ocrx_word' id='word_1_451' title='bbox 1913 3497 1948 3554; x_wconf 70' lang='lat' dir='ltr'>nd</span> 
     </span>
     <span class='ocr_line' id='line_1_33' title="bbox 309 3580 1948 3663; baseline -0.008 -21"><span class='ocrx_word' id='word_1_452' title='bbox 309 3602 358 3659; x_wconf 85' lang='lat' dir='ltr'>ges</span> <span class='ocrx_word' id='word_1_453' title='bbox 382 3601 439 3644; x_wconf 86' lang='lat' dir='ltr'>non</span> <span class='ocrx_word' id='word_1_454' title='bbox 458 3583 565 3649; x_wconf 87' lang='lat' dir='ltr'>lecerit,</span> <span class='ocrx_word' id='word_1_455' title='bbox 579 3582 687 3638; x_wconf 90' lang='lat' dir='ltr'>tolletur</span> <span class='ocrx_word' id='word_1_456' title='bbox 704 3598 720 3637; x_wconf 90' lang='lat' dir='ltr'>a</span> <span class='ocrx_word' id='word_1_457' title='bbox 747 3590 832 3653; x_wconf 86' lang='lat' dir='ltr'>patre,</span> <span class='ocrx_word' id='word_1_458' title='bbox 855 3590 959 3638; x_wconf 87' lang='lat' dir='ltr'>etcum</span> <span class='ocrx_word' id='word_1_459' title='bbox 981 3580 1104 3638; x_wconf 90' lang='lat' dir='ltr'>sublatus</span> <span class='ocrx_word' id='word_1_460' title='bbox 1151 3591 1288 3663; x_wconf 66' lang='lat' dir='ltr'>principes</span> <span class='ocrx_word' id='word_1_461' title='bbox 1300 3597 1329 3644; x_wconf 63' lang='lat' dir='ltr'>er</span> <span class='ocrx_word' id='word_1_462' title='bbox 1349 3588 1383 3644; x_wconf 75' lang='lat' dir='ltr'>ad</span> <span class='ocrx_word' id='word_1_463' title='bbox 1406 3587 1536 3659; x_wconf 75' lang='lat' dir='ltr'>populum</span> <span class='ocrx_word' id='word_1_464' title='bbox 1549 3584 1726 3641; x_wconf 54' lang='lat' dir='ltr'>ludaeorum:</span> <span class='ocrx_word' id='word_1_465' title='bbox 1745 3605 1755 3639; x_wconf 65' lang='lat' dir='ltr'>r</span> <span class='ocrx_word' id='word_1_466' title='bbox 1771 3587 1871 3643; x_wconf 65' lang='lat' dir='ltr'>pugne</span> <span class='ocrx_word' id='word_1_467' title='bbox 1884 3601 1948 3643; x_wconf 62' lang='lat' dir='ltr'>ver.</span> 
     </span>
     <span class='ocr_line' id='line_1_34' title="bbox 310 3665 1949 3748; baseline -0.01 -13"><span class='ocrx_word' id='word_1_468' title='bbox 310 3675 406 3740; x_wconf 75' lang='lat' dir='ltr'>luent,</span> <span class='ocrx_word' id='word_1_469' title='bbox 420 3673 533 3747; x_wconf 85' lang='lat' dir='ltr'>quidde</span> <span class='ocrx_word' id='word_1_470' title='bbox 548 3685 581 3730; x_wconf 88' lang='lat' dir='ltr'>eo</span> <span class='ocrx_word' id='word_1_471' title='bbox 597 3683 676 3745; x_wconf 85' lang='lat' dir='ltr'>pater</span> <span class='ocrx_word' id='word_1_472' title='bbox 689 3670 782 3739; x_wconf 82' lang='lat' dir='ltr'>iaciat,</span> <span class='ocrx_word' id='word_1_473' title='bbox 796 3671 939 3742; x_wconf 87' lang='lat' dir='ltr'>Scriptura</span> <span class='ocrx_word' id='word_1_474' title='bbox 952 3687 1006 3728; x_wconf 94' lang='lat' dir='ltr'>nnn</span> <span class='ocrx_word' id='word_1_475' title='bbox 1021 3671 1101 3727; x_wconf 90' lang='lat' dir='ltr'>dicit:</span> <span class='ocrx_word' id='word_1_476' title='bbox 1151 3665 1216 3736; x_wconf 70' lang='lat' dir='ltr'>pum</span> <span class='ocrx_word' id='word_1_477' title='bbox 1230 3679 1349 3743; x_wconf 73' lang='lat' dir='ltr'>pomini,</span> <span class='ocrx_word' id='word_1_478' title='bbox 1362 3676 1500 3748; x_wconf 69' lang='lat' dir='ltr'>principor</span> <span class='ocrx_word' id='word_1_479' title='bbox 1517 3674 1709 3742; x_wconf 71' lang='lat' dir='ltr'>Sodomorum,</span> <span class='ocrx_word' id='word_1_480' title='bbox 1730 3673 1842 3730; x_wconf 65' lang='lat' dir='ltr'>auritus</span> <span class='ocrx_word' id='word_1_481' title='bbox 1857 3675 1949 3748; x_wconf 63' lang='lat' dir='ltr'>pomi.</span> 
     </span>
     <span class='ocr_line' id='line_1_35' title="bbox 309 3762 1948 3842; baseline -0.007 -12"><span class='ocrx_word' id='word_1_482' title='bbox 309 3766 369 3830; x_wconf 75' lang='grc' dir='ltr'>Νἰιί</span> <span class='ocrx_word' id='word_1_483' title='bbox 385 3765 456 3829; x_wconf 86' lang='lat' dir='ltr'>iorte</span> <span class='ocrx_word' id='word_1_484' title='bbox 469 3765 603 3836; x_wconf 89' lang='lat' dir='ltr'>separatio</span> <span class='ocrx_word' id='word_1_485' title='bbox 624 3765 659 3821; x_wconf 91' lang='lat' dir='ltr'>de</span> <span class='ocrx_word' id='word_1_486' title='bbox 679 3762 782 3821; x_wconf 83' lang='lat' dir='ltr'>Christi</span> <span class='ocrx_word' id='word_1_487' title='bbox 800 3780 925 3835; x_wconf 88' lang='lat' dir='ltr'>corpore,</span> <span class='ocrx_word' id='word_1_488' title='bbox 938 3778 1019 3834; x_wconf 90' lang='lat' dir='ltr'>poena</span> <span class='ocrx_word' id='word_1_489' title='bbox 1033 3778 1099 3834; x_wconf 89' lang='lat' dir='ltr'>per-</span> <span class='ocrx_word' id='word_1_490' title='bbox 1151 3769 1209 3840; x_wconf 89' lang='lat' dir='ltr'>pite</span> <span class='ocrx_word' id='word_1_491' title='bbox 1231 3769 1313 3826; x_wconf 89' lang='lat' dir='ltr'>verba</span> <span class='ocrx_word' id='word_1_492' title='bbox 1332 3765 1451 3832; x_wconf 88' lang='lat' dir='ltr'>bomini,</span> <span class='ocrx_word' id='word_1_493' title='bbox 1473 3764 1589 3836; x_wconf 91' lang='lat' dir='ltr'>populus</span> <span class='ocrx_word' id='word_1_494' title='bbox 1606 3762 1774 3842; x_wconf 51' lang='lat' dir='ltr'>Gomorrha:</span> <span class='ocrx_word' id='word_1_495' title='bbox 1800 3762 1895 3835; x_wconf 83' lang='grc' dir='ltr'>ι(1ια.</span> <span class='ocrx_word' id='word_1_496' title='bbox 1915 3764 1948 3834; x_wconf 89' lang='grc' dir='ltr'>ι.)</span> 
     </span>
     <span class='ocr_line' id='line_1_36' title="bbox 307 3852 1946 3928; baseline -0.006 -16"><span class='ocrx_word' id='word_1_497' title='bbox 307 3868 394 3928; x_wconf 87' lang='lat' dir='ltr'>petua</span> <span class='ocrx_word' id='word_1_498' title='bbox 407 3862 450 3912; x_wconf 86' lang='lat' dir='ltr'>est</span> <span class='ocrx_word' id='word_1_499' title='bbox 465 3861 494 3919; x_wconf 85' lang='lat' dir='ltr'>et</span> <span class='ocrx_word' id='word_1_500' title='bbox 506 3853 642 3910; x_wconf 89' lang='lat' dir='ltr'>interitus.</span> <span class='ocrx_word' id='word_1_501' title='bbox 666 3852 743 3924; x_wconf 81' lang='lat' dir='ltr'>Quod</span> <span class='ocrx_word' id='word_1_502' title='bbox 756 3854 783 3908; x_wconf 92' lang='lat' dir='ltr'>in</span> <span class='ocrx_word' id='word_1_503' title='bbox 801 3854 881 3911; x_wconf 90' lang='lat' dir='ltr'>vinea</span> <span class='ocrx_word' id='word_1_504' title='bbox 892 3862 920 3908; x_wconf 90' lang='lat' dir='ltr'>et</span> <span class='ocrx_word' id='word_1_505' title='bbox 931 3854 985 3910; x_wconf 88' lang='lat' dir='ltr'>vite</span> <span class='ocrx_word' id='word_1_506' title='bbox 997 3852 1103 3910; x_wconf 90' lang='lat' dir='ltr'>intelle·</span> <span class='ocrx_word' id='word_1_507' title='bbox 1153 3857 1207 3917; x_wconf 70' lang='lat' dir='ltr'>sod</span> <span class='ocrx_word' id='word_1_508' title='bbox 1219 3874 1273 3915; x_wconf 79' lang='lat' dir='ltr'>non</span> <span class='ocrx_word' id='word_1_509' title='bbox 1287 3858 1376 3913; x_wconf 82' lang='lat' dir='ltr'>minor</span> <span class='ocrx_word' id='word_1_510' title='bbox 1387 3854 1524 3920; x_wconf 79' lang='lat' dir='ltr'>Ezechiel,</span> <span class='ocrx_word' id='word_1_511' title='bbox 1535 3854 1581 3926; x_wconf 89' lang='lat' dir='ltr'>qui</span> <span class='ocrx_word' id='word_1_512' title='bbox 1596 3854 1631 3910; x_wconf 86' lang='lat' dir='ltr'>ad</span> <span class='ocrx_word' id='word_1_513' title='bbox 1644 3861 1729 3910; x_wconf 80' lang='lat' dir='ltr'>totam</span> <span class='ocrx_word' id='word_1_514' title='bbox 1744 3853 1839 3910; x_wconf 82' lang='lat' dir='ltr'>urbem</span> <span class='ocrx_word' id='word_1_515' title='bbox 1853 3852 1946 3925; x_wconf 70' lang='lat' dir='ltr'>ioqui.</span> 
     </span>
     <span class='ocr_line' id='line_1_37' title="bbox 310 3928 1953 4018; baseline -0.003 -15"><span class='ocrx_word' id='word_1_516' title='bbox 310 3946 412 4011; x_wconf 83' lang='lat' dir='ltr'>ximus,</span> <span class='ocrx_word' id='word_1_517' title='bbox 425 3945 476 4000; x_wconf 91' lang='lat' dir='ltr'>sub</span> <span class='ocrx_word' id='word_1_518' title='bbox 487 3944 538 4001; x_wconf 89' lang='lat' dir='ltr'>alia</span> <span class='ocrx_word' id='word_1_519' title='bbox 556 3943 641 4014; x_wconf 90' lang='lat' dir='ltr'>ligura</span> <span class='ocrx_word' id='word_1_520' title='bbox 655 3942 782 3999; x_wconf 86' lang='lat' dir='ltr'>Salvator</span> <span class='ocrx_word' id='word_1_521' title='bbox 795 3943 874 4000; x_wconf 90' lang='lat' dir='ltr'>docet</span> <span class='ocrx_word' id='word_1_522' title='bbox 887 3943 915 3999; x_wconf 93' lang='lat' dir='ltr'>in</span> <span class='ocrx_word' id='word_1_523' title='bbox 934 3942 1101 4018; x_wconf 60' lang='lat' dir='ltr'>Evangelio:</span> <span class='ocrx_word' id='word_1_524' title='bbox 1153 3960 1198 4008; x_wconf 73' lang='lat' dir='ltr'>rur</span> <span class='ocrx_word' id='word_1_525' title='bbox 1213 3948 1381 4007; x_wconf 75' lang='lat' dir='ltr'>confidenter</span> <span class='ocrx_word' id='word_1_526' title='bbox 1399 3965 1406 4002; x_wconf 91' lang='lat'>:</span> <span class='ocrx_word' id='word_1_527' title='bbox 1424 3966 1433 4000; x_wconf 83' lang='grc' dir='ltr'>ι</span> <span class='ocrx_word' id='word_1_528' title='bbox 1451 3945 1540 4002; x_wconf 81' lang='lat' dir='ltr'>Radix</span> <span class='ocrx_word' id='word_1_529' title='bbox 1563 3952 1609 4000; x_wconf 90' lang='lat' dir='ltr'>tua</span> <span class='ocrx_word' id='word_1_530' title='bbox 1630 3951 1658 4001; x_wconf 92' lang='lat' dir='ltr'>et</span> <span class='ocrx_word' id='word_1_531' title='bbox 1683 3944 1823 4017; x_wconf 87' lang='lat' dir='ltr'>generatio</span> <span class='ocrx_word' id='word_1_532' title='bbox 1845 3928 1899 3999; x_wconf 90' lang='lat' dir='ltr'>tua</span> <span class='ocrx_word' id='word_1_533' title='bbox 1915 3946 1953 4002; x_wconf 87' lang='lat' dir='ltr'>do</span> 
     </span>
     <span class='ocr_line' id='line_1_38' title="bbox 313 4035 1952 4110; baseline -0.007 -7"><span class='ocrx_word' id='word_1_534' title='bbox 313 4056 324 4090; x_wconf 70' lang='grc' dir='ltr'>ι</span> <span class='ocrx_word' id='word_1_535' title='bbox 339 4035 444 4093; x_wconf 62' lang='lat' dir='ltr'>&amp;num</span> <span class='ocrx_word' id='word_1_536' title='bbox 456 4044 498 4092; x_wconf 73' lang='lat'>0⁸¹</span> <span class='ocrx_word' id='word_1_537' title='bbox 511 4037 560 4092; x_wconf 71' lang='lat'>⁵³¹·</span> <span class='ocrx_word' id='word_1_538' title='bbox 578 4036 607 4091; x_wconf 73' lang='lat' dir='ltr'>Sl</span> <span class='ocrx_word' id='word_1_539' title='bbox 622 4044 712 4092; x_wconf 74' lang='lat' dir='ltr'>ooioffl</span> <span class='ocrx_word' id='word_1_540' title='bbox 724 4036 764 4092; x_wconf 76' lang='lat'>⁵³¹</span> <span class='ocrx_word' id='word_1_541' title='bbox 776 4035 938 4092; x_wconf 61' lang='lat' dir='ltr'>insolilitum</span> <span class='ocrx_word' id='word_1_542' title='bbox 951 4035 1052 4104; x_wconf 65' lang='lat' dir='ltr'>suelli,</span> <span class='ocrx_word' id='word_1_543' title='bbox 1069 4036 1104 4102; x_wconf 68' lang='lat' dir='ltr'>td</span> <span class='ocrx_word' id='word_1_544' title='bbox 1153 4052 1225 4098; x_wconf 87' lang='lat' dir='ltr'>terra</span> <span class='ocrx_word' id='word_1_545' title='bbox 1241 4038 1381 4107; x_wconf 78' lang='lat' dir='ltr'>chanaan,</span> <span class='ocrx_word' id='word_1_546' title='bbox 1392 4045 1472 4110; x_wconf 90' lang='lat' dir='ltr'>pater</span> <span class='ocrx_word' id='word_1_547' title='bbox 1487 4044 1549 4093; x_wconf 91' lang='lat' dir='ltr'>tuus</span> <span class='ocrx_word' id='word_1_548' title='bbox 1561 4036 1744 4101; x_wconf 80' lang='lat' dir='ltr'>Amorrhaeus,</span> <span class='ocrx_word' id='word_1_549' title='bbox 1757 4043 1786 4091; x_wconf 90' lang='lat' dir='ltr'>et</span> <span class='ocrx_word' id='word_1_550' title='bbox 1799 4044 1888 4092; x_wconf 91' lang='lat' dir='ltr'>mater</span> <span class='ocrx_word' id='word_1_551' title='bbox 1900 4045 1952 4106; x_wconf 74' lang='lat' dir='ltr'>tua</span> 
     </span>
     <span class='ocr_line' id='line_1_39' title="bbox 310 4123 1954 4202; baseline -0.004 -16"><span class='ocrx_word' id='word_1_552' title='bbox 310 4131 379 4194; x_wconf 85' lang='lat' dir='ltr'>nibil</span> <span class='ocrx_word' id='word_1_553' title='bbox 394 4138 438 4185; x_wconf 89' lang='lat' dir='ltr'>est</span> <span class='ocrx_word' id='word_1_554' title='bbox 450 4129 525 4195; x_wconf 90' lang='lat' dir='ltr'>utile,</span> <span class='ocrx_word' id='word_1_555' title='bbox 541 4130 591 4185; x_wconf 90' lang='lat' dir='ltr'>nisi</span> <span class='ocrx_word' id='word_1_556' title='bbox 607 4139 638 4185; x_wconf 92' lang='lat' dir='ltr'>ut</span> <span class='ocrx_word' id='word_1_557' title='bbox 651 4128 724 4186; x_wconf 88' lang='lat' dir='ltr'>loras</span> <span class='ocrx_word' id='word_1_558' title='bbox 737 4127 956 4201; x_wconf 78' lang='lat' dir='ltr'>pmiieiatur,et</span> <span class='ocrx_word' id='word_1_559' title='bbox 967 4129 1002 4185; x_wconf 93' lang='lat' dir='ltr'>ab</span> <span class='ocrx_word' id='word_1_560' title='bbox 1012 4129 1103 4185; x_wconf 87' lang='lat' dir='ltr'>bonti-</span> <span class='ocrx_word' id='word_1_561' title='bbox 1152 4129 1259 4189; x_wconf 72' lang='lat' dir='ltr'>(lethea</span> <span class='ocrx_word' id='word_1_562' title='bbox 1275 4128 1384 4202; x_wconf 73' lang='lat' dir='ltr'>(Euri.</span> <span class='ocrx_word' id='word_1_563' title='bbox 1410 4126 1508 4200; x_wconf 81' lang='lat' dir='ltr'>arr).r</span> <span class='ocrx_word' id='word_1_564' title='bbox 1539 4124 1711 4198; x_wconf 83' lang='lat' dir='ltr'>Quamquam</span> <span class='ocrx_word' id='word_1_565' title='bbox 1737 4134 1766 4181; x_wconf 89' lang='lat' dir='ltr'>et</span> <span class='ocrx_word' id='word_1_566' title='bbox 1795 4123 1954 4199; x_wconf 81' lang='lat' dir='ltr'>Stephanus,</span> 
     </span>
     <span class='ocr_line' id='line_1_40' title="bbox 310 4213 1951 4292; baseline -0.005 -14"><span class='ocrx_word' id='word_1_567' title='bbox 310 4223 394 4278; x_wconf 80' lang='lat' dir='ltr'>uibrm</span> <span class='ocrx_word' id='word_1_568' title='bbox 410 4219 583 4277; x_wconf 85' lang='lat' dir='ltr'>conculcetur</span> <span class='ocrx_word' id='word_1_569' title='bbox 591 4219 693 4284; x_wconf 78' lang='lat' dir='ltr'>litore.</span> <span class='ocrx_word' id='word_1_570' title='bbox 707 4220 757 4291; x_wconf 83' lang='grc' dir='ltr'>ιι).</span> <span class='ocrx_word' id='word_1_571' title='bbox 778 4219 974 4286; x_wconf 76' lang='lat' dir='ltr'>villermus,</span> <span class='ocrx_word' id='word_1_572' title='bbox 999 4220 1046 4292; x_wconf 92' lang='lat' dir='ltr'>qui</span> <span class='ocrx_word' id='word_1_573' title='bbox 1061 4228 1104 4276; x_wconf 82' lang='lat' dir='ltr'>to·</span> <span class='ocrx_word' id='word_1_574' title='bbox 1151 4219 1257 4291; x_wconf 88' lang='lat' dir='ltr'>primus</span> <span class='ocrx_word' id='word_1_575' title='bbox 1279 4225 1384 4289; x_wconf 72' lang='lat' dir='ltr'>martyr</span> <span class='ocrx_word' id='word_1_576' title='bbox 1403 4213 1542 4287; x_wconf 77' lang='lat' dir='ltr'>Evangebi</span> <span class='ocrx_word' id='word_1_577' title='bbox 1566 4214 1601 4270; x_wconf 92' lang='lat' dir='ltr'>ad</span> <span class='ocrx_word' id='word_1_578' title='bbox 1622 4213 1803 4270; x_wconf 89' lang='lat' dir='ltr'>insanientem</span> <span class='ocrx_word' id='word_1_579' title='bbox 1819 4213 1951 4285; x_wconf 67' lang='lat' dir='ltr'>populum</span> 
     </span>
     <span class='ocr_line' id='line_1_41' title="bbox 311 4301 1948 4382; baseline -0.006 -14"><span class='ocrx_word' id='word_1_580' title='bbox 311 4319 370 4368; x_wconf 88' lang='grc' dir='ltr'>ιιιιιι</span> <span class='ocrx_word' id='word_1_581' title='bbox 396 4326 494 4382; x_wconf 86' lang='lat' dir='ltr'>eorpus</span> <span class='ocrx_word' id='word_1_582' title='bbox 512 4310 653 4376; x_wconf 87' lang='lat' dir='ltr'>illuminat,</span> <span class='ocrx_word' id='word_1_583' title='bbox 678 4308 796 4368; x_wconf 86' lang='lat' dir='ltr'>siluerit</span> <span class='ocrx_word' id='word_1_584' title='bbox 819 4319 980 4376; x_wconf 72' lang='lat' dir='ltr'>excecatus,</span> <span class='ocrx_word' id='word_1_585' title='bbox 996 4310 1102 4366; x_wconf 89' lang='lat' dir='ltr'>audita</span> <span class='ocrx_word' id='word_1_586' title='bbox 1153 4307 1189 4369; x_wconf 87' lang='lat' dir='ltr'>sit</span> <span class='ocrx_word' id='word_1_587' title='bbox 1206 4306 1334 4372; x_wconf 87' lang='lat' dir='ltr'>locutus:</span> <span class='ocrx_word' id='word_1_588' title='bbox 1357 4304 1457 4362; x_wconf 75' lang='lat' dir='ltr'>«pura</span> <span class='ocrx_word' id='word_1_589' title='bbox 1471 4302 1578 4360; x_wconf 84' lang='lat' dir='ltr'>eerriee</span> <span class='ocrx_word' id='word_1_590' title='bbox 1599 4309 1627 4358; x_wconf 88' lang='lat' dir='ltr'>et</span> <span class='ocrx_word' id='word_1_591' title='bbox 1647 4301 1831 4359; x_wconf 82' lang='lat' dir='ltr'>incircumcisi</span> <span class='ocrx_word' id='word_1_592' title='bbox 1855 4302 1948 4369; x_wconf 87' lang='lat' dir='ltr'>eorde,</span> 
     </span>
     <span class='ocr_line' id='line_1_42' title="bbox 311 4394 1950 4472; baseline -0.004 -14"><span class='ocrx_word' id='word_1_593' title='bbox 311 4401 446 4458; x_wconf 78' lang='lat' dir='ltr'>Domino:</span> <span class='ocrx_word' id='word_1_594' title='bbox 463 4419 473 4453; x_wconf 88' lang='lat' dir='ltr'>r</span> <span class='ocrx_word' id='word_1_595' title='bbox 489 4400 517 4457; x_wconf 90' lang='lat' dir='ltr'>st</span> <span class='ocrx_word' id='word_1_596' title='bbox 536 4400 635 4468; x_wconf 88' lang='lat' dir='ltr'>lumen,</span> <span class='ocrx_word' id='word_1_597' title='bbox 650 4402 721 4472; x_wconf 90' lang='lat' dir='ltr'>quod</span> <span class='ocrx_word' id='word_1_598' title='bbox 743 4401 770 4455; x_wconf 91' lang='lat' dir='ltr'>in</span> <span class='ocrx_word' id='word_1_599' title='bbox 794 4411 821 4457; x_wconf 89' lang='lat' dir='ltr'>te</span> <span class='ocrx_word' id='word_1_600' title='bbox 840 4411 881 4457; x_wconf 87' lang='lat' dir='ltr'>cst</span> <span class='ocrx_word' id='word_1_601' title='bbox 896 4403 1013 4457; x_wconf 82' lang='lat' dir='ltr'>tenebrae</span> <span class='ocrx_word' id='word_1_602' title='bbox 1028 4411 1101 4465; x_wconf 91' lang='lat' dir='ltr'>sunt,</span> <span class='ocrx_word' id='word_1_603' title='bbox 1152 4418 1201 4459; x_wconf 89' lang='lat' dir='ltr'>vos</span> <span class='ocrx_word' id='word_1_604' title='bbox 1215 4414 1322 4472; x_wconf 87' lang='lat' dir='ltr'>semper</span> <span class='ocrx_word' id='word_1_605' title='bbox 1340 4399 1452 4471; x_wconf 87' lang='lat' dir='ltr'>Spiritui</span> <span class='ocrx_word' id='word_1_606' title='bbox 1468 4405 1563 4454; x_wconf 86' lang='lat' dir='ltr'>sancte</span> <span class='ocrx_word' id='word_1_607' title='bbox 1577 4396 1717 4453; x_wconf 86' lang='lat' dir='ltr'>restitistis</span> <span class='ocrx_word' id='word_1_608' title='bbox 1731 4395 1799 4469; x_wconf 79' lang='lat' dir='ltr'>(Act.</span> <span class='ocrx_word' id='word_1_609' title='bbox 1812 4394 1874 4468; x_wconf 79' lang='lat' dir='ltr'>vu).</span> <span class='ocrx_word' id='word_1_610' title='bbox 1891 4415 1901 4449; x_wconf 87' lang='grc' dir='ltr'>ι</span> <span class='ocrx_word' id='word_1_611' title='bbox 1915 4395 1950 4454; x_wconf 77' lang='lat' dir='ltr'>Et</span> 
     </span>
     <span class='ocr_line' id='line_1_43' title="bbox 311 4485 1952 4563; baseline -0.003 -17"><span class='ocrx_word' id='word_1_612' title='bbox 311 4490 379 4561; x_wconf 78' lang='lat' dir='ltr'>tpun</span> <span class='ocrx_word' id='word_1_613' title='bbox 392 4490 509 4547; x_wconf 80' lang='lat' dir='ltr'>tenebre</span> <span class='ocrx_word' id='word_1_614' title='bbox 522 4499 611 4560; x_wconf 79' lang='lat' dir='ltr'>quoue</span> <span class='ocrx_word' id='word_1_615' title='bbox 624 4490 725 4545; x_wconf 87' lang='lat' dir='ltr'>enuntl</span> <span class='ocrx_word' id='word_1_616' title='bbox 741 4489 848 4561; x_wconf 76' lang='lat' dir='ltr'>(uuirt.</span> <span class='ocrx_word' id='word_1_617' title='bbox 864 4490 935 4563; x_wconf 81' lang='grc' dir='ltr'>ιι.)ι</span> <span class='ocrx_word' id='word_1_618' title='bbox 954 4488 1102 4560; x_wconf 83' lang='lat' dir='ltr'>Compara·</span> <span class='ocrx_word' id='word_1_619' title='bbox 1152 4493 1217 4550; x_wconf 81' lang='lat' dir='ltr'>lieet</span> <span class='ocrx_word' id='word_1_620' title='bbox 1235 4489 1371 4562; x_wconf 87' lang='lat' dir='ltr'>possimus</span> <span class='ocrx_word' id='word_1_621' title='bbox 1393 4487 1512 4550; x_wconf 86' lang='lat' dir='ltr'>radicem</span> <span class='ocrx_word' id='word_1_622' title='bbox 1533 4485 1682 4544; x_wconf 88' lang='lat' dir='ltr'>Jerusalem</span> <span class='ocrx_word' id='word_1_623' title='bbox 1700 4494 1728 4542; x_wconf 91' lang='lat' dir='ltr'>et</span> <span class='ocrx_word' id='word_1_624' title='bbox 1745 4485 1952 4558; x_wconf 78' lang='lat' dir='ltr'>generationem</span> 
     </span>
     <span class='ocr_line' id='line_1_44' title="bbox 313 4575 1952 4657; baseline -0.001 -22"><span class='ocrx_word' id='word_1_625' title='bbox 313 4580 389 4636; x_wconf 75' lang='lat' dir='ltr'>done</span> <span class='ocrx_word' id='word_1_626' title='bbox 410 4578 510 4650; x_wconf 88' lang='lat' dir='ltr'>quippe</span> <span class='ocrx_word' id='word_1_627' title='bbox 536 4578 761 4648; x_wconf 80' lang='lat' dir='ltr'>praevaricatoris,</span> <span class='ocrx_word' id='word_1_628' title='bbox 774 4587 802 4634; x_wconf 88' lang='lat' dir='ltr'>et</span> <span class='ocrx_word' id='word_1_629' title='bbox 814 4576 872 4645; x_wconf 83' lang='lat' dir='ltr'>ejus</span> <span class='ocrx_word' id='word_1_630' title='bbox 890 4578 936 4648; x_wconf 93' lang='lat' dir='ltr'>qui</span> <span class='ocrx_word' id='word_1_631' title='bbox 949 4575 1102 4635; x_wconf 79' lang='lat' dir='ltr'>contessum</span> <span class='ocrx_word' id='word_1_632' title='bbox 1152 4584 1212 4657; x_wconf 88' lang='lat' dir='ltr'>ejus</span> <span class='ocrx_word' id='word_1_633' title='bbox 1226 4590 1325 4638; x_wconf 89' lang='lat' dir='ltr'>terrant</span> <span class='ocrx_word' id='word_1_634' title='bbox 1345 4579 1474 4636; x_wconf 89' lang='lat' dir='ltr'>Cbanaan</span> <span class='ocrx_word' id='word_1_635' title='bbox 1487 4578 1635 4635; x_wconf 85' lang='lat' dir='ltr'>secuudum</span> <span class='ocrx_word' id='word_1_636' title='bbox 1647 4576 1712 4634; x_wconf 90' lang='lat' dir='ltr'>iliud</span> <span class='ocrx_word' id='word_1_637' title='bbox 1723 4577 1863 4648; x_wconf 75' lang='lat' dir='ltr'>accipere,</span> <span class='ocrx_word' id='word_1_638' title='bbox 1873 4577 1952 4647; x_wconf 84' lang='lat' dir='ltr'>quoti·</span> 
     </span>
     <span class='ocr_line' id='line_1_45' title="bbox 312 4667 1954 4752; baseline -0.005 -21"><span class='ocrx_word' id='word_1_639' title='bbox 312 4675 390 4746; x_wconf 89' lang='lat' dir='ltr'>prius</span> <span class='ocrx_word' id='word_1_640' title='bbox 403 4676 542 4745; x_wconf 86' lang='lat' dir='ltr'>negaverit</span> <span class='ocrx_word' id='word_1_641' title='bbox 556 4674 649 4740; x_wconf 63' lang='lat' dir='ltr'>bunne</span> <span class='ocrx_word' id='word_1_642' title='bbox 660 4673 746 4729; x_wconf 89' lang='lat' dir='ltr'>lenior</span> <span class='ocrx_word' id='word_1_643' title='bbox 762 4688 841 4744; x_wconf 87' lang='lat' dir='ltr'>poena</span> <span class='ocrx_word' id='word_1_644' title='bbox 859 4683 900 4729; x_wconf 92' lang='lat' dir='ltr'>est</span> <span class='ocrx_word' id='word_1_645' title='bbox 923 4688 1038 4740; x_wconf 90' lang='lat' dir='ltr'>eorum,</span> <span class='ocrx_word' id='word_1_646' title='bbox 1056 4674 1102 4744; x_wconf 91' lang='lat' dir='ltr'>qui</span> <span class='ocrx_word' id='word_1_647' title='bbox 1153 4677 1180 4734; x_wconf 91' lang='lat' dir='ltr'>ln</span> <span class='ocrx_word' id='word_1_648' title='bbox 1195 4673 1313 4752; x_wconf 74' lang='lat' dir='ltr'>AEgyptn</span> <span class='ocrx_word' id='word_1_649' title='bbox 1326 4680 1439 4728; x_wconf 81' lang='lat' dir='ltr'>voeatus</span> <span class='ocrx_word' id='word_1_650' title='bbox 1454 4673 1490 4726; x_wconf 91' lang='lat' dir='ltr'>sit</span> <span class='ocrx_word' id='word_1_651' title='bbox 1503 4670 1628 4744; x_wconf 86' lang='lat' dir='ltr'>populus,</span> <span class='ocrx_word' id='word_1_652' title='bbox 1639 4677 1668 4727; x_wconf 90' lang='lat' dir='ltr'>et</span> <span class='ocrx_word' id='word_1_653' title='bbox 1678 4668 1714 4734; x_wconf 86' lang='lat' dir='ltr'>ibi</span> <span class='ocrx_word' id='word_1_654' title='bbox 1726 4667 1954 4740; x_wconf 72' lang='lat' dir='ltr'>multetempore</span> 
     </span>
     <span class='ocr_line' id='line_1_46' title="bbox 312 4758 1953 4838; baseline -0.005 -14"><span class='ocrx_word' id='word_1_655' title='bbox 312 4780 463 4838; x_wconf 84' lang='lat' dir='ltr'>numquam</span> <span class='ocrx_word' id='word_1_656' title='bbox 479 4766 527 4821; x_wconf 86' lang='lat' dir='ltr'>bei</span> <span class='ocrx_word' id='word_1_657' title='bbox 551 4765 670 4822; x_wconf 89' lang='lat' dir='ltr'>habuere</span> <span class='ocrx_word' id='word_1_658' title='bbox 685 4766 818 4821; x_wconf 90' lang='lat' dir='ltr'>notitiam.</span> <span class='ocrx_word' id='word_1_659' title='bbox 844 4766 930 4836; x_wconf 82' lang='lat' dir='ltr'>Ligna</span> <span class='ocrx_word' id='word_1_660' title='bbox 942 4774 1032 4822; x_wconf 88' lang='lat' dir='ltr'>nutem</span> <span class='ocrx_word' id='word_1_661' title='bbox 1046 4763 1102 4822; x_wconf 90' lang='lat' dir='ltr'>sni·</span> <span class='ocrx_word' id='word_1_662' title='bbox 1157 4765 1330 4831; x_wconf 85' lang='lat' dir='ltr'>habitaverit,</span> <span class='ocrx_word' id='word_1_663' title='bbox 1341 4763 1427 4821; x_wconf 86' lang='lat' dir='ltr'>Cbarn</span> <span class='ocrx_word' id='word_1_664' title='bbox 1448 4762 1549 4833; x_wconf 90' lang='lat' dir='ltr'>quippe</span> <span class='ocrx_word' id='word_1_665' title='bbox 1558 4769 1635 4830; x_wconf 84' lang='lat' dir='ltr'>pater</span> <span class='ocrx_word' id='word_1_666' title='bbox 1648 4759 1799 4827; x_wconf 80' lang='lat' dir='ltr'>Cbauaan,</span> <span class='ocrx_word' id='word_1_667' title='bbox 1820 4758 1953 4830; x_wconf 79' lang='lat' dir='ltr'>princeps</span> 
     </span>
     <span class='ocr_line' id='line_1_47' title="bbox 313 4847 1950 4928; baseline -0.002 -16"><span class='ocrx_word' id='word_1_668' title='bbox 313 4855 462 4912; x_wconf 73' lang='lat' dir='ltr'>transsire</span> <span class='ocrx_word' id='word_1_669' title='bbox 486 4856 624 4921; x_wconf 85' lang='lat' dir='ltr'>stiuamn,</span> <span class='ocrx_word' id='word_1_670' title='bbox 639 4857 786 4911; x_wconf 86' lang='lat' dir='ltr'>seeundum</span> <span class='ocrx_word' id='word_1_671' title='bbox 804 4855 964 4911; x_wconf 86' lang='lat' dir='ltr'>varietatem</span> <span class='ocrx_word' id='word_1_672' title='bbox 989 4856 1101 4914; x_wconf 88' lang='lat' dir='ltr'>creden·</span> <span class='ocrx_word' id='word_1_673' title='bbox 1157 4855 1209 4912; x_wconf 87' lang='lat' dir='ltr'>luit</span> <span class='ocrx_word' id='word_1_674' title='bbox 1221 4852 1555 4928; x_wconf 78' lang='lat' dir='ltr'>genusAEgypua,ranen</span> <span class='ocrx_word' id='word_1_675' title='bbox 1564 4848 1642 4919; x_wconf 81' lang='lat' dir='ltr'>iuxta</span> <span class='ocrx_word' id='word_1_676' title='bbox 1654 4847 1950 4921; x_wconf 65' lang='lat' dir='ltr'>scelerumsimilitudls</span> 
     </span>
     <span class='ocr_line' id='line_1_48' title="bbox 312 4932 1947 5017; baseline -0.004 -15"><span class='ocrx_word' id='word_1_677' title='bbox 312 4947 382 5002; x_wconf 86' lang='lat' dir='ltr'>tium</span> <span class='ocrx_word' id='word_1_678' title='bbox 401 4945 503 5002; x_wconf 85' lang='lat' dir='ltr'>habeut</span> <span class='ocrx_word' id='word_1_679' title='bbox 526 4946 667 5017; x_wconf 81' lang='lat' dir='ltr'>iramagna</span> <span class='ocrx_word' id='word_1_680' title='bbox 693 4945 774 5001; x_wconf 93' lang='lat' dir='ltr'>domo</span> <span class='ocrx_word' id='word_1_681' title='bbox 796 4945 913 5015; x_wconf 89' lang='lat' dir='ltr'>aliquam</span> <span class='ocrx_word' id='word_1_682' title='bbox 936 4945 1101 5002; x_wconf 87' lang='lat' dir='ltr'>utilitatem:</span> <span class='ocrx_word' id='word_1_683' title='bbox 1154 4961 1216 5003; x_wconf 87' lang='lat' dir='ltr'>nem</span> <span class='ocrx_word' id='word_1_684' title='bbox 1240 4942 1359 4998; x_wconf 86' lang='lat' dir='ltr'>radicem</span> <span class='ocrx_word' id='word_1_685' title='bbox 1389 4939 1538 4996; x_wconf 87' lang='lat' dir='ltr'>Jerusalem</span> <span class='ocrx_word' id='word_1_686' title='bbox 1559 4946 1659 4992; x_wconf 89' lang='lat' dir='ltr'>terram</span> <span class='ocrx_word' id='word_1_687' title='bbox 1676 4932 1947 5010; x_wconf 78' lang='lat' dir='ltr'>AEgyptlessedice-</span> 
     </span>
     <span class='ocr_line' id='line_1_49' title="bbox 313 5027 1946 5105; baseline -0.004 -13"><span class='ocrx_word' id='word_1_688' title='bbox 313 5035 342 5092; x_wconf 85' lang='lat' dir='ltr'>in</span> <span class='ocrx_word' id='word_1_689' title='bbox 353 5050 409 5105; x_wconf 91' lang='lat' dir='ltr'>qua</span> <span class='ocrx_word' id='word_1_690' title='bbox 422 5049 476 5089; x_wconf 93' lang='lat' dir='ltr'>non</span> <span class='ocrx_word' id='word_1_691' title='bbox 491 5034 577 5090; x_wconf 89' lang='lat' dir='ltr'>solnm</span> <span class='ocrx_word' id='word_1_692' title='bbox 597 5050 658 5091; x_wconf 83' lang='lat' dir='ltr'>rasa</span> <span class='ocrx_word' id='word_1_693' title='bbox 675 5049 757 5090; x_wconf 89' lang='lat' dir='ltr'>aurea</span> <span class='ocrx_word' id='word_1_694' title='bbox 769 5043 798 5090; x_wconf 91' lang='lat' dir='ltr'>et</span> <span class='ocrx_word' id='word_1_695' title='bbox 808 5043 935 5105; x_wconf 87' lang='lat' dir='ltr'>argentea</span> <span class='ocrx_word' id='word_1_696' title='bbox 950 5045 1030 5099; x_wconf 89' lang='lat' dir='ltr'>sont,</span> <span class='ocrx_word' id='word_1_697' title='bbox 1055 5037 1103 5092; x_wconf 89' lang='lat' dir='ltr'>sed</span> <span class='ocrx_word' id='word_1_698' title='bbox 1154 5050 1224 5092; x_wconf 87' lang='lat' dir='ltr'>mus.</span> <span class='ocrx_word' id='word_1_699' title='bbox 1244 5033 1320 5090; x_wconf 90' lang='lat' dir='ltr'>Unde</span> <span class='ocrx_word' id='word_1_700' title='bbox 1330 5038 1359 5086; x_wconf 89' lang='lat' dir='ltr'>et</span> <span class='ocrx_word' id='word_1_701' title='bbox 1371 5037 1450 5101; x_wconf 88' lang='lat' dir='ltr'>pater</span> <span class='ocrx_word' id='word_1_702' title='bbox 1464 5028 1536 5085; x_wconf 89' lang='lat' dir='ltr'>illins</span> <span class='ocrx_word' id='word_1_703' title='bbox 1547 5027 1946 5104; x_wconf 82' lang='lat' dir='ltr'>appellaturdmorrhaeus,qul</span> 
     </span>
     <span class='ocr_line' id='line_1_50' title="bbox 314 5120 1947 5209; baseline -0.001 -29"><span class='ocrx_word' id='word_1_704' title='bbox 314 5130 343 5180; x_wconf 87' lang='lat' dir='ltr'>et</span> <span class='ocrx_word' id='word_1_705' title='bbox 358 5122 450 5196; x_wconf 89' lang='lat' dir='ltr'>lignea</span> <span class='ocrx_word' id='word_1_706' title='bbox 466 5123 624 5194; x_wconf 78' lang='lat' dir='ltr'>fictiliaque,</span> <span class='ocrx_word' id='word_1_707' title='bbox 640 5123 693 5179; x_wconf 91' lang='lat' dir='ltr'>alia</span> <span class='ocrx_word' id='word_1_708' title='bbox 706 5124 734 5178; x_wconf 95' lang='lat' dir='ltr'>in</span> <span class='ocrx_word' id='word_1_709' title='bbox 748 5124 889 5209; x_wconf 72' lang='lat' dir='ltr'>bonorem,</span> <span class='ocrx_word' id='word_1_710' title='bbox 900 5124 952 5179; x_wconf 88' lang='lat' dir='ltr'>alia</span> <span class='ocrx_word' id='word_1_711' title='bbox 968 5125 995 5180; x_wconf 91' lang='lat' dir='ltr'>in</span> <span class='ocrx_word' id='word_1_712' title='bbox 1007 5134 1102 5181; x_wconf 89' lang='lat' dir='ltr'>noutu-</span> <span class='ocrx_word' id='word_1_713' title='bbox 1154 5126 1355 5197; x_wconf 87' lang='lat' dir='ltr'>interpretatur,</span> <span class='ocrx_word' id='word_1_714' title='bbox 1371 5120 1456 5177; x_wconf 89' lang='lat' dir='ltr'>multo</span> <span class='ocrx_word' id='word_1_715' title='bbox 1469 5135 1594 5176; x_wconf 90' lang='lat' dir='ltr'>sermone</span> <span class='ocrx_word' id='word_1_716' title='bbox 1609 5121 1772 5177; x_wconf 84' lang='lat' dir='ltr'>celebratus.</span> <span class='ocrx_word' id='word_1_717' title='bbox 1790 5140 1801 5176; x_wconf 90' lang='grc' dir='ltr'>ι</span> <span class='ocrx_word' id='word_1_718' title='bbox 1814 5121 1849 5179; x_wconf 82' lang='lat' dir='ltr'>Et</span> <span class='ocrx_word' id='word_1_719' title='bbox 1859 5130 1947 5179; x_wconf 85' lang='lat' dir='ltr'>mater</span> 
     </span>
     <span class='ocr_line' id='line_1_51' title="bbox 313 5209 1944 5283; baseline -0.001 -13"><span class='ocrx_word' id='word_1_720' title='bbox 313 5212 434 5275; x_wconf 68' lang='lat' dir='ltr'>milam.</span> <span class='ocrx_word' id='word_1_721' title='bbox 1156 5213 1331 5277; x_wconf 80' lang='lat' dir='ltr'>tuaCetbaea,</span> <span class='ocrx_word' id='word_1_722' title='bbox 1349 5210 1613 5278; x_wconf 70' lang='lat' dir='ltr'>›idesl,lirrrriua‚</span> <span class='ocrx_word' id='word_1_723' title='bbox 1627 5225 1688 5281; x_wconf 72' lang='lat' dir='ltr'>quse</span> <span class='ocrx_word' id='word_1_724' title='bbox 1701 5210 1744 5268; x_wconf 89' lang='lat' dir='ltr'>vel</span> <span class='ocrx_word' id='word_1_725' title='bbox 1763 5210 1821 5283; x_wconf 91' lang='lat' dir='ltr'>ipsa</span> <span class='ocrx_word' id='word_1_726' title='bbox 1832 5209 1944 5275; x_wconf 78' lang='grc' dir='ltr'>ἰιιιιιιιίι.</span> 
     </span>
    </p>

    <p class='ocr_par' dir='ltr' id='par_1_5' title="bbox 599 5291 1948 5373">
     <span class='ocr_line' id='line_1_52' title="bbox 599 5291 1948 5373; baseline -0.004 -14"><span class='ocrx_word' id='word_1_727' title='bbox 599 5301 729 5370; x_wconf 63' lang='lat' dir='ltr'>‚duur</span> <span class='ocrx_word' id='word_1_728' title='bbox 745 5302 815 5359; x_wconf 81' lang='lat' dir='ltr'>lllll.</span> <span class='ocrx_word' id='word_1_729' title='bbox 1155 5302 1197 5357; x_wconf 85' lang='lat' dir='ltr'>vol</span> <span class='ocrx_word' id='word_1_730' title='bbox 1209 5302 1277 5358; x_wconf 83' lang='lat' dir='ltr'>aiios</span> <span class='ocrx_word' id='word_1_731' title='bbox 1288 5301 1371 5356; x_wconf 88' lang='lat' dir='ltr'>mittit</span> <span class='ocrx_word' id='word_1_732' title='bbox 1387 5301 1414 5356; x_wconf 93' lang='lat' dir='ltr'>ln</span> <span class='ocrx_word' id='word_1_733' title='bbox 1426 5298 1584 5355; x_wconf 88' lang='lat' dir='ltr'>amentiam.</span> <span class='ocrx_word' id='word_1_734' title='bbox 1602 5291 1948 5373; x_wconf 58' lang='lat' dir='ltr'>«pontemtremulum</span> 
     </span>
    </p>
   </div>
   <div class='ocr_carea' id='block_1_4' title="bbox 261 5386 1948 5553">
    <p class='ocr_par' dir='ltr' id='par_1_6' title="bbox 261 5386 1948 5553">
     <span class='ocr_line' id='line_1_53' title="bbox 261 5386 1946 5485; baseline 0.002 -44"><span class='ocrx_word' id='word_1_735' title='bbox 261 5437 264 5441; x_wconf 85' lang='lat'>.</span> <span class='ocrx_word' id='word_1_736' title='bbox 314 5408 458 5482; x_wconf 55' lang='lat' dir='ltr'>cmm</span> <span class='ocrx_word' id='word_1_737' title='bbox 479 5412 706 5467; x_wconf 57' lang='lat' dir='ltr'>qmngmmm</span> <span class='ocrx_word' id='word_1_738' title='bbox 721 5424 744 5468; x_wconf 53' lang='grc' dir='ltr'>θ)</span> <span class='ocrx_word' id='word_1_739' title='bbox 765 5413 931 5485; x_wconf 49' lang='lat' dir='ltr'>quiquam„</span> <span class='ocrx_word' id='word_1_740' title='bbox 944 5412 1102 5481; x_wconf 50' lang='lat' dir='ltr'>gemm,</span> <span class='ocrx_word' id='word_1_741' title='bbox 1154 5392 1347 5466; x_wconf 72' lang='lat' dir='ltr'>praestruimus</span> <span class='ocrx_word' id='word_1_742' title='bbox 1359 5390 1466 5447; x_wconf 91' lang='lat' dir='ltr'>diabolo</span> <span class='ocrx_word' id='word_1_743' title='bbox 1477 5398 1557 5445; x_wconf 89' lang='lat' dir='ltr'>uatus</span> <span class='ocrx_word' id='word_1_744' title='bbox 1570 5398 1638 5445; x_wconf 72' lang='lat' dir='ltr'>est.»</span> <span class='ocrx_word' id='word_1_745' title='bbox 1651 5389 1728 5447; x_wconf 88' lang='lat' dir='ltr'>Unde</span> <span class='ocrx_word' id='word_1_746' title='bbox 1737 5388 1871 5446; x_wconf 85' lang='lat' dir='ltr'>etlutoto</span> <span class='ocrx_word' id='word_1_747' title='bbox 1879 5386 1946 5444; x_wconf 87' lang='lat' dir='ltr'>orbs</span> 
     </span>
     <span class='ocr_line' id='line_1_54' title="bbox 348 5479 1948 5553; baseline 0.001 -17"><span class='ocrx_word' id='word_1_748' title='bbox 348 5482 587 5552; x_wconf 80' lang='lat' dir='ltr'>etcorreptr&#39;oqurc</span> <span class='ocrx_word' id='word_1_749' title='bbox 607 5493 743 5536; x_wconf 83' lang='lat' dir='ltr'>reuocetur</span> <span class='ocrx_word' id='word_1_750' title='bbox 765 5483 800 5536; x_wconf 88' lang='lat' dir='ltr'>nd</span> <span class='ocrx_word' id='word_1_751' title='bbox 821 5483 954 5537; x_wconf 74' lang='lat' dir='ltr'>salutm:</span> <span class='ocrx_word' id='word_1_752' title='bbox 971 5484 1105 5553; x_wconf 73' lang='lat' dir='ltr'>justificat</span> <span class='ocrx_word' id='word_1_753' title='bbox 1155 5483 1235 5553; x_wconf 78' lang='lat' dir='ltr'>lartius</span> <span class='ocrx_word' id='word_1_754' title='bbox 1254 5483 1357 5553; x_wconf 88' lang='lat' dir='ltr'>antiqui</span> <span class='ocrx_word' id='word_1_755' title='bbox 1380 5483 1467 5553; x_wconf 88' lang='lat' dir='ltr'>patris</span> <span class='ocrx_word' id='word_1_756' title='bbox 1493 5480 1626 5537; x_wconf 88' lang='lat' dir='ltr'>lamosum</span> <span class='ocrx_word' id='word_1_757' title='bbox 1662 5479 1823 5536; x_wconf 85' lang='lat' dir='ltr'>vocabulum</span> <span class='ocrx_word' id='word_1_758' title='bbox 1846 5486 1900 5538; x_wconf 86' lang='lat' dir='ltr'>est,</span> <span class='ocrx_word' id='word_1_759' title='bbox 1918 5488 1948 5538; x_wconf 89' lang='lat' dir='ltr'>et</span> 
     </span>
    </p>
   </div>
   <div class='ocr_carea' id='block_1_5' title="bbox 350 5549 1945 5639">
    <p class='ocr_par' dir='ltr' id='par_1_7' title="bbox 350 5549 1945 5639">
     <span class='ocr_line' id='line_1_55' title="bbox 350 5549 1945 5639; baseline 0 -16"><span class='ocrx_word' id='word_1_760' title='bbox 350 5549 479 5606; x_wconf 60' lang='lat' dir='ltr'>”mm</span> <span class='ocrx_word' id='word_1_761' title='bbox 491 5549 633 5607; x_wconf 64' lang='lat' dir='ltr'><strong><em>s⁰d⁰m0m</em></strong></span> <span class='ocrx_word' id='word_1_762' title='bbox 647 5562 672 5606; x_wconf 61' lang='grc' dir='ltr'>θ’</span> <span class='ocrx_word' id='word_1_763' title='bbox 689 5549 839 5608; x_wconf 63' lang='lat' dir='ltr'>salmom</span> <span class='ocrx_word' id='word_1_764' title='bbox 854 5554 1050 5622; x_wconf 57' lang='lat' dir='ltr'>‘mulslim</span> <span class='ocrx_word' id='word_1_765' title='bbox 1061 5552 1106 5608; x_wconf 56' lang='grc' dir='ltr'>’θ’</span> <span class='ocrx_word' id='word_1_766' title='bbox 1157 5573 1256 5629; x_wconf 90' lang='lat' dir='ltr'>multos</span> <span class='ocrx_word' id='word_1_767' title='bbox 1280 5579 1387 5627; x_wconf 87' lang='lat' dir='ltr'>vertens</span> <span class='ocrx_word' id='word_1_768' title='bbox 1404 5570 1432 5625; x_wconf 90' lang='lat' dir='ltr'>iu</span> <span class='ocrx_word' id='word_1_769' title='bbox 1454 5570 1610 5625; x_wconf 84' lang='lat' dir='ltr'>amentiam.</span> <span class='ocrx_word' id='word_1_770' title='bbox 1634 5568 1846 5639; x_wconf 73' lang='lat' dir='ltr'>Praecipiturque</span> <span class='ocrx_word' id='word_1_771' title='bbox 1868 5565 1945 5623; x_wconf 83' lang='lat' dir='ltr'>Jeru-</span> 
     </span>
    </p>
   </div>
   <div class='ocr_carea' id='block_1_6' title="bbox 349 5618 1943 5732">
    <p class='ocr_par' dir='ltr' id='par_1_8' title="bbox 349 5618 1943 5732">
     <span class='ocr_line' id='line_1_56' title="bbox 349 5618 1943 5732; baseline -0.006 -13"><span class='ocrx_word' id='word_1_772' title='bbox 349 5618 475 5676; x_wconf 53' lang='grc' dir='ltr'>ΝΜ·</span> <span class='ocrx_word' id='word_1_773' title='bbox 1157 5663 1241 5718; x_wconf 88' lang='lat' dir='ltr'>saleru</span> <span class='ocrx_word' id='word_1_774' title='bbox 1258 5660 1299 5716; x_wconf 85' lang='lat' dir='ltr'>rel</span> <span class='ocrx_word' id='word_1_775' title='bbox 1317 5661 1393 5732; x_wconf 78' lang='lat' dir='ltr'>juxta</span> <span class='ocrx_word' id='word_1_776' title='bbox 1412 5659 1529 5715; x_wconf 88' lang='lat' dir='ltr'>litteram</span> <span class='ocrx_word' id='word_1_777' title='bbox 1549 5658 1592 5715; x_wconf 89' lang='lat' dir='ltr'>vel</span> <span class='ocrx_word' id='word_1_778' title='bbox 1610 5657 1688 5728; x_wconf 78' lang='lat' dir='ltr'>iuxta</span> <span class='ocrx_word' id='word_1_779' title='bbox 1710 5657 1943 5728; x_wconf 67' lang='lat' dir='ltr'>spiritumutrs·</span> 
     </span>
    </p>
   </div>
   <div class='ocr_carea' id='block_1_7' title="bbox 268 5743 2015 6097">
    <p class='ocr_par' dir='ltr' id='par_1_9' title="bbox 353 5743 1944 5823">
     <span class='ocr_line' id='line_1_57' title="bbox 353 5743 1944 5823; baseline -0.001 -21"><span class='ocrx_word' id='word_1_780' title='bbox 353 5767 363 5801; x_wconf 90' lang='grc' dir='ltr'>ι</span> <span class='ocrx_word' id='word_1_781' title='bbox 376 5747 412 5803; x_wconf 85' lang='lat' dir='ltr'>iit</span> <span class='ocrx_word' id='word_1_782' title='bbox 425 5746 515 5805; x_wconf 89' lang='lat' dir='ltr'>lactus</span> <span class='ocrx_word' id='word_1_783' title='bbox 530 5755 573 5805; x_wconf 92' lang='lat' dir='ltr'>est</span> <span class='ocrx_word' id='word_1_784' title='bbox 586 5764 676 5805; x_wconf 88' lang='lat' dir='ltr'>sermo</span> <span class='ocrx_word' id='word_1_785' title='bbox 690 5748 796 5805; x_wconf 84' lang='lat' dir='ltr'>Domird</span> <span class='ocrx_word' id='word_1_786' title='bbox 809 5751 843 5806; x_wconf 92' lang='lat' dir='ltr'>ad</span> <span class='ocrx_word' id='word_1_787' title='bbox 859 5765 902 5805; x_wconf 88' lang='lat' dir='ltr'>mo</span> <span class='ocrx_word' id='word_1_788' title='bbox 920 5750 1012 5805; x_wconf 88' lang='lat' dir='ltr'>diceus</span> <span class='ocrx_word' id='word_1_789' title='bbox 1026 5768 1032 5803; x_wconf 94' lang='lat'><strong>:</strong></span> <span class='ocrx_word' id='word_1_790' title='bbox 1054 5747 1104 5805; x_wconf 83' lang='lat' dir='ltr'>rut</span> <span class='ocrx_word' id='word_1_791' title='bbox 1157 5754 1263 5823; x_wconf 88' lang='lat' dir='ltr'>linquat</span> <span class='ocrx_word' id='word_1_792' title='bbox 1274 5752 1414 5823; x_wconf 87' lang='lat' dir='ltr'>antiquum</span> <span class='ocrx_word' id='word_1_793' title='bbox 1425 5759 1540 5822; x_wconf 89' lang='lat' dir='ltr'>patrem,</span> <span class='ocrx_word' id='word_1_794' title='bbox 1552 5761 1580 5807; x_wconf 89' lang='lat' dir='ltr'>et</span> <span class='ocrx_word' id='word_1_795' title='bbox 1591 5751 1690 5807; x_wconf 90' lang='lat' dir='ltr'>dicitnr</span> <span class='ocrx_word' id='word_1_796' title='bbox 1698 5750 1733 5805; x_wconf 86' lang='lat' dir='ltr'>ad</span> <span class='ocrx_word' id='word_1_797' title='bbox 1742 5762 1802 5803; x_wconf 81' lang='lat' dir='ltr'>eant</span> <span class='ocrx_word' id='word_1_798' title='bbox 1815 5764 1822 5801; x_wconf 91' lang='lat'><strong>:</strong></span> <span class='ocrx_word' id='word_1_799' title='bbox 1834 5762 1847 5798; x_wconf 91' lang='grc' dir='ltr'>ι</span> <span class='ocrx_word' id='word_1_800' title='bbox 1863 5743 1944 5808; x_wconf 69' lang='lat' dir='ltr'>dud,</span> 
     </span>
    </p>

    <p class='ocr_par' dir='ltr' id='par_1_10' title="bbox 313 5835 1943 5908">
     <span class='ocr_line' id='line_1_58' title="bbox 313 5835 1943 5908; baseline -0.001 -14"><span class='ocrx_word' id='word_1_801' title='bbox 313 5855 326 5894; x_wconf 90' lang='grc' dir='ltr'>ι</span> <span class='ocrx_word' id='word_1_802' title='bbox 339 5835 558 5905; x_wconf 87' lang='lat' dir='ltr'>bomiuis,notas</span> <span class='ocrx_word' id='word_1_803' title='bbox 566 5840 609 5896; x_wconf 90' lang='lat' dir='ltr'>iac</span> <span class='ocrx_word' id='word_1_804' title='bbox 622 5840 790 5899; x_wconf 89' lang='lat' dir='ltr'>lliernsalem</span> <span class='ocrx_word' id='word_1_805' title='bbox 806 5841 1018 5897; x_wconf 87' lang='lat' dir='ltr'>abominationes</span> <span class='ocrx_word' id='word_1_806' title='bbox 1030 5856 1104 5908; x_wconf 89' lang='lat' dir='ltr'>suas,</span> <span class='ocrx_word' id='word_1_807' title='bbox 1158 5842 1223 5908; x_wconf 89' lang='lat' dir='ltr'>illia,</span> <span class='ocrx_word' id='word_1_808' title='bbox 1240 5850 1267 5898; x_wconf 91' lang='lat' dir='ltr'>et</span> <span class='ocrx_word' id='word_1_809' title='bbox 1281 5842 1349 5903; x_wconf 76' lang='lat' dir='ltr'>vide,</span> <span class='ocrx_word' id='word_1_810' title='bbox 1362 5850 1390 5896; x_wconf 93' lang='lat' dir='ltr'>et</span> <span class='ocrx_word' id='word_1_811' title='bbox 1411 5841 1509 5897; x_wconf 88' lang='lat' dir='ltr'>inclina</span> <span class='ocrx_word' id='word_1_812' title='bbox 1525 5856 1617 5896; x_wconf 89' lang='lat' dir='ltr'>aurem</span> <span class='ocrx_word' id='word_1_813' title='bbox 1632 5849 1721 5903; x_wconf 78' lang='lat' dir='ltr'>marn,</span> <span class='ocrx_word' id='word_1_814' title='bbox 1743 5842 1771 5892; x_wconf 89' lang='lat' dir='ltr'>et</span> <span class='ocrx_word' id='word_1_815' title='bbox 1783 5835 1943 5892; x_wconf 75' lang='lat' dir='ltr'>obliviscere</span> 
     </span>
    </p>

    <p class='ocr_par' dir='ltr' id='par_1_11' title="bbox 268 5928 2015 6097">
     <span class='ocr_line' id='line_1_59' title="bbox 268 5928 1944 6006; baseline -0.002 -19"><span class='ocrx_word' id='word_1_816' title='bbox 268 5989 271 5994; x_wconf 75' lang='grc'><em>,</em></span> <span class='ocrx_word' id='word_1_817' title='bbox 309 5929 476 5988; x_wconf 61' lang='lat' dir='ltr'>radica:</span> <span class='ocrx_word' id='word_1_818' title='bbox 493 5928 636 5988; x_wconf 79' lang='lat' dir='ltr'>lisecrlieit</span> <span class='ocrx_word' id='word_1_819' title='bbox 652 5934 782 5990; x_wconf 84' lang='lat' dir='ltr'>Dominus</span> <span class='ocrx_word' id='word_1_820' title='bbox 808 5933 879 5989; x_wconf 89' lang='lat' dir='ltr'>bens</span> <span class='ocrx_word' id='word_1_821' title='bbox 900 5931 1101 5995; x_wconf 77' lang='lat' dir='ltr'>Jerusalem.»</span> <span class='ocrx_word' id='word_1_822' title='bbox 1156 5932 1283 6006; x_wconf 90' lang='lat' dir='ltr'>populum</span> <span class='ocrx_word' id='word_1_823' title='bbox 1298 5942 1384 5998; x_wconf 92' lang='lat' dir='ltr'>tuum,</span> <span class='ocrx_word' id='word_1_824' title='bbox 1399 5941 1427 5988; x_wconf 90' lang='lat' dir='ltr'>et</span> <span class='ocrx_word' id='word_1_825' title='bbox 1443 5934 1552 5989; x_wconf 91' lang='lat' dir='ltr'>domum</span> <span class='ocrx_word' id='word_1_826' title='bbox 1567 5932 1652 6002; x_wconf 83' lang='lat' dir='ltr'>patris</span> <span class='ocrx_word' id='word_1_827' title='bbox 1666 5930 1715 5985; x_wconf 92' lang='lat' dir='ltr'>tui.</span> <span class='ocrx_word' id='word_1_828' title='bbox 1728 5928 1761 5984; x_wconf 86' lang='lat' dir='ltr'>Et</span> <span class='ocrx_word' id='word_1_829' title='bbox 1772 5928 1944 5999; x_wconf 75' lang='lat' dir='ltr'>concupiscet</span> 
     </span>
     <span class='ocr_line' id='line_1_60' title="bbox 306 6017 2015 6097; baseline -0.001 -20"><span class='ocrx_word' id='word_1_830' title='bbox 306 6029 368 6093; x_wconf 73' lang='lat' dir='ltr'>etp.</span> <span class='ocrx_word' id='word_1_831' title='bbox 384 6017 716 6097; x_wconf 65' lang='lat' dir='ltr'>(llirromistrbpersona</span> <span class='ocrx_word' id='word_1_832' title='bbox 730 6024 851 6081; x_wconf 88' lang='lat' dir='ltr'>mulieris</span> <span class='ocrx_word' id='word_1_833' title='bbox 865 6024 1029 6089; x_wconf 86' lang='lat' dir='ltr'>meretricis,</span> <span class='ocrx_word' id='word_1_834' title='bbox 1039 6031 1101 6094; x_wconf 78' lang='lat' dir='ltr'>quae</span> <span class='ocrx_word' id='word_1_835' title='bbox 1158 6041 1205 6083; x_wconf 83' lang='lat' dir='ltr'>rex</span> <span class='ocrx_word' id='word_1_836' title='bbox 1219 6026 1345 6082; x_wconf 62' lang='lat' dir='ltr'>Mentem</span> <span class='ocrx_word' id='word_1_837' title='bbox 1361 6031 1436 6080; x_wconf 87' lang='lat' dir='ltr'>tuum</span> <span class='ocrx_word' id='word_1_838' title='bbox 1449 6021 1535 6095; x_wconf 73' lang='lat' dir='ltr'>(Prot.</span> <span class='ocrx_word' id='word_1_839' title='bbox 1548 6019 1633 6091; x_wconf 75' lang='lat' dir='ltr'>survi.</span> <span class='ocrx_word' id='word_1_840' title='bbox 1650 6039 1661 6076; x_wconf 82' lang='grc' dir='ltr'>ι</span> <span class='ocrx_word' id='word_1_841' title='bbox 1681 6018 1942 6096; x_wconf 71' lang='lat' dir='ltr'>Etprontittitursd,</span> <span class='ocrx_word' id='word_1_842' title='bbox 2008 6030 2015 6046; x_wconf 91' lang='lat'><strong>·</strong></span> 
     </span>
    </p>
   </div>
   <div class='ocr_carea' id='block_1_8' title="bbox 0 0 2265 6836">
    <p class='ocr_par' dir='ltr' id='par_1_12' title="bbox 0 0 2265 6836">
     <span class='ocr_line' id='line_1_61' title="bbox 0 0 2265 6836; baseline 0 0"><span class='ocrx_word' id='word_1_843' title='bbox 0 0 2265 6836; x_wconf 95' lang='lat' dir='ltr'> </span> 
     </span>
    </p>
   </div>
  </div>
 </body>
</html>
