4500 6842
388 918 473 996 ιιι·

646 1051 786 1109 uouttta
796 1051 913 1109 CXXlV.

715 1158 792 1198 raam
808 1157 845 1197 rr.

437 1234 532 1294 Lccbo
544 1234 630 1292 sancti
644 1234 783 1307 Evangelii
796 1234 943 1290 secundum
958 1233 1127 1290 llattbatum.

425 1326 457 1382 ln
470 1325 515 1381 illo
527 1336 640 1397 ternpore
657 1324 720 1380 atta
732 1323 929 1379 transsaltus
943 1340 990 1396 per
1005 1334 1065 1378 soto
1077 1338 1086 1376 :
1098 1323 1166 1378 disci

387 1416 443 1487 puli
459 1426 545 1471 autem
561 1416 618 1487 ejus
637 1416 778 1471 esurientes
797 1424 928 1487 ceperunt
944 1413 1036 1471 uellere
1052 1415 1139 1487 spiam
1153 1426 1178 1470 et

391 1506 559 1571 munducare,
571 1514 625 1562 etc.

426 1594 461 1652 Ut
475 1596 502 1652 iu
518 1596 571 1652 alio
583 1611 691 1668 quoque
706 1595 877 1669 Evangelista
889 1596 1004 1669 legimus
1016 1603 1127 1668 propter
1137 1594 1179 1650 ni·

391 1687 473 1744 miaru
485 1688 716 1758 importunitatem
731 1702 765 1742 ue
779 1687 904 1743 vescendi
921 1687 1029 1757 quidem
1043 1686 1180 1743 habebant

392 1777 492 1843 locum,
508 1785 535 1833 et
548 1777 609 1832 ideo
621 1776 699 1847 quasi
717 1776 840 1832 bonrincs
856 1777 1029 1843 esuriebant;
1044 1776 1116 1846 quod
1131 1791 1178 1831 au·

391 1877 446 1924 tem
472 1868 560 1938 spicas
584 1878 704 1937 segetum
733 1867 856 1923 omuibus
878 1865 1065 1922 confricabant
1083 1875 1110 1923 et
1135 1868 1178 1924 in·

389 1959 477 2015 odiam
492 1957 722 2023 cousolabautur,
749 1958 811 2013 vitm
839 1958 996 2013 austerioris
1022 1945 1176 2026 indicium,

388 2063 440 2101 noa
460 2056 625 2118 praeparatas
648 2045 756 2117 epulas,
782 2046 828 2101 sod
850 2047 925 2101 eibos
951 2046 1087 2116 simplices
1105 2063 1179 2119 quae·

387 2141 513 2194 rentium.

422 2230 554 2285 Pisariso‘i
574 2239 661 2284 ortem
678 2229 792 2284 ridentes
807 2229 930 2283 dixerunt
950 2230 998 2284 ei:
1017 2228 1083 2283 Eece
1094 2229 1177 2283 disci-

385 2319 440 2389 puli
462 2322 500 2373 tui
521 2320 621 2390 [eiciunt
648 2319 717 2391 quod
738 2337 790 2374 uon
808 2319 867 2373 lieet
881 2320 918 2373 eis
940 2320 1026 2390 [orere
1049 2319 1174 2374 collutis.

721 937 751 992 tt.
772 936 898 992 aauattt
916 936 1026 995 bauai
1043 937 1202 997 ancusae.
1221 936 1375 995 MOGUNT.
1394 935 1536 993 OPENUN
1553 934 1644 993 PARS
1661 934 1693 992 il.

1965 941 2021 999 58⁸

1191 1048 1276 1114 Auiti
1302 1045 1524 1120 transgressionis
1549 1044 1681 1118 discipuli
1704 1048 1746 1104 sui
1773 1052 1851 1122 argut
1874 1059 2020 1124 poteraut,

1228 1137 1314 1194 [larid
1331 1146 1359 1192 et
1372 1137 1546 1193 delrimelecb
1562 1137 1629 1193 dicit
1642 1137 1765 1208 exempla
1777 1148 1906 1198 sectatos.
1923 1141 2023 1202 teram

1229 1237 1320 1283 autem
1340 1236 1369 1281 et
1385 1227 1487 1298 absque
1505 1228 1679 1286 necessitatis
1693 1230 1804 1286 obtentu
1823 1228 1936 1288 Sabbati
1954 1241 2024 1306 prro·

1228 1318 1424 1375 caricationem
1443 1318 1470 1373 in
1487 1317 1562 1388 ipsos
1580 1316 1675 1385 relert,
1697 1320 1744 1389 qui
1765 1319 1930 1378 caluminam
1950 1323 2025 1380 leae·

1230 1418 1302 1466 rant.

1266 1500 1331 1556 Dico
1359 1510 1446 1554 autera
1472 1499 1542 1555 eolis
1568 1501 1631 1571 qrtia
1658 1500 1754 1572 templo
1784 1501 1873 1573 maior
1902 1513 1942 1560 ert
1967 1505 2022 1560 iic.

1230 1590 1282 1646 ilic
1299 1606 1352 1646 non
1374 1604 1533 1661 pronomen,
1551 1590 1599 1646 sod
1618 1590 1775 1645 adverbium
1790 1590 1843 1647 loci
1864 1592 2022 1664 legendum,

1229 1679 1301 1750 quod
1324 1678 1411 1748 nrajor
1429 1677 1529 1747 templo
1548 1680 1583 1734 sit
1601 1678 1678 1734 locus
1696 1679 1742 1750 qui
1761 1678 1907 1736 llonriuunr
1929 1683 2023 1755 templi

1230 1779 1330 1824 teneat.

1264 1862 1294 1919 Si
1306 1874 1393 1917 rrutcru
1407 1864 1508 1919 sciretis
1521 1863 1585 1935 quid
1600 1872 1637 1918 est
1657 1874 1667 1916 t
1687 1861 1897 1921 Misericordiam
1919 1865 1977 1923 noir
1996 1878 2022 1924 et

1229 1970 1280 2007 noa
1291 1954 1460 2022 sacrificium,
1477 1970 1610 2024 nunquam
1623 1953 1844 2009 cortdcmnossetir
1859 1955 2020 2012 innocentes.

1228 2042 1296 2109 Quid
1309 2053 1360 2110 est,
1375 2043 1581 2098 misericordiam
1592 2041 1648 2098 eolo
1660 2052 1684 2096 et
1699 2059 1750 2097 rrorr
1766 2044 1928 2115 sucrificium
1939 2062 2021 2119 supra

1232 2135 1353 2191 diximus
1366 2135 1443 2203 Quod
1455 2144 1545 2191 autera
1560 2134 1694 2205 sequitur,
1706 2152 1840 2207 nunquam
1849 2139 2016 2194 condemnar-

1227 2226 1288 2279 setis
1309 2224 1467 2290 innoeentes,
1492 2226 1525 2281 de
1544 2225 1682 2295 Apostolis
1703 2225 1908 2296 intelligendum
1922 2239 1974 2284 est.
1989 2229 2022 2286 El

1228 2326 1271 2370 est
1282 2331 1387 2382 seusus,
1400 2316 1613 2372 misericordiam
1625 2316 1824 2386 comprobastis
1834 2315 2022 2387 ucbimelecb,

386 2411 453 2466 Nota
469 2412 539 2483 quod
554 2414 633 2483 primi
651 2412 765 2483 apostoli
782 2412 942 2477 salvatoris,
970 2412 1088 2468 litteram
1107 2413 1175 2485 legis
1190 2407 1211 2466 ll
1226 2410 1343 2479 eoquod
1364 2409 1435 2464 lame
1451 2408 1623 2479 periclitante
1636 2409 1720 2464 David
1734 2408 1886 2464 refocillare
1906 2418 1935 2465 et
1957 2425 2021 2481 pno-

387 2503 512 2560 Sabbatis
536 2506 678 2559 destruunt
707 2505 849 2559 adversum
866 2504 1024 2571 Ebiorritas,
1045 2506 1091 2575 qul
1114 2522 1177 2562 eum

386 2605 499 2651 cancros
511 2595 641 2666 recipiant
652 2593 805 2664 Apostolos
818 2594 931 2649 Paulum
940 2597 1017 2665 quasi
1029 2604 1179 2669 transgres-

386 2701 475 2740 sorem
491 2685 557 2754 legis
576 2686 727 2756 repudiant.

422 2777 454 2830 dt
473 2777 516 2831 ille
531 2779 597 2832 tta-tr
622 2778 659 2833 eis
679 2792 688 2830 .·
706 2778 767 2833 Nou
786 2778 884 2850 legistis
897 2780 960 2851 quid
975 2780 1064 2851 feeerit
1081 2780 1176 2846 Daseia,

386 2869 492 2937 qrrrrrrdo
507 2868 615 2934 esuriit,
631 2878 654 2922 et
669 2869 714 2941 qni
727 2885 785 2922 coru
798 2886 827 2923 eo
841 2880 925 2933 erent,
947 2870 1075 2941 quoorodo
1090 2871 1176 2925 iutra-

387 2959 422 3010 υἷι
435 2957 462 3011 iu
477 2957 582 3011 tlonrruu
596 2956 653 3022 Dei,
667 2967 690 3011 et
702 2975 783 3028 porres
796 2959 980 3029 propositionis
996 2958 1175 3024 rrrondrrceoit,

386 3063 450 3117 quos
468 3064 519 3102 rrorr
536 3048 629 3102 licebat
644 3049 668 3101 ei
684 3049 773 3110 edere,
794 3065 840 3102 nec
853 3049 895 3102 lris
907 3050 952 3120 qui
970 3065 1028 3103 cum
1042 3066 1072 3103 eo
1090 3058 1175 3114 eruat,

386 3139 437 3191 uisi
453 3136 514 3192 solis
527 3138 706 3193 sacerdotibus
719 3140 731 3192 l
745 3137 785 3193 ad
805 3138 996 3193 confutandam
1012 3138 1176 3193 caloruuiam

385 3226 584 3283 l'barisuoruur
603 3230 703 3283 veteris
727 3228 886 3284 recordatur
908 3229 1045 3296 historice,
1065 3229 1176 3299 quando

387 3316 469 3369 llarld
485 3317 589 3387 lugiens
603 3316 713 3372 Saulem
732 3319 758 3372 iu
775 3318 892 3383 Noutria,
908 3327 936 3373 ct
952 3319 986 3373 ab
1001 3318 1176 3374 delriruelecla

386 3406 526 3461 sacerdote
540 3417 690 3478 susceptus,
704 3408 849 3477 postularit
861 3408 948 3473 eibos,
960 3409 1004 3477 qui
1019 3424 1080 3463 cum
1090 3424 1178 3480 panes

1229 2516 1274 2556 ros
1285 2501 1354 2571 ejus,
1369 2515 1454 2570 quare
1467 2500 1548 2556 simili
1568 2501 1648 2557 modo
1664 2500 1731 2555 meis
1743 2500 1882 2571 discipulis
1896 2501 1970 2558 lame
1984 2502 2021 2558 la-

1228 2594 1390 2648 borantibus
1407 2610 1461 2648 aon
1481 2594 1615 2663 compassi
1634 2592 1716 2658 estis,
1737 2592 1783 2661 qui
1797 2608 1846 2647 ros
1862 2607 1936 2663 pane
1948 2595 2022 2651 rerbi

1230 2683 1347 2738 eoelestls
1365 2683 1486 2752 quotidie
1511 2691 1643 2751 pascunt,
1664 2692 1799 2752 quatenus
1818 2681 1879 2753 rjus
1897 2684 2024 2740 satietate

1229 2774 1284 2843 repl
1304 2774 1322 2828 ti
1337 2773 1370 2828 al
1382 2774 1464 2828 ritaru
1483 2773 1593 2843 possitis
1610 2772 1753 2843 pervenire
1765 2780 1941 2843 perpetuam,
1956 2789 2023 2844 pru-

1228 2872 1319 2919 stante
1336 2863 1450 2918 [lumino
1469 2871 1562 2918 nostro
1576 2860 1639 2918 lesu
1653 2862 1781 2927 Christo,
1800 2861 1847 2932 qui
1866 2876 1930 2917 cum
1945 2861 2030 2920 Patra

1228 2964 1255 3009 et
1282 2953 1384 3023 Spiritu
1400 2962 1494 3009 saneto
1512 2953 1579 3009 ririt
1596 2962 1624 3009 et
1637 2962 1733 3026 regnat
1748 2952 1777 3008 la
1792 2952 1894 3009 saecula
1907 2954 2027 3011 saeculo·

1228 3060 1298 3099 ruur.
1310 3044 1407 3100 dureo.

1483 3132 1626 3190 barbata
1643 3133 1748 3191 CXXV.

1363 3243 1521 3284 nsooouuoa
1545 3245 1573 3283 ιι
1594 3244 1659 3284 rosr
1682 3243 1882 3284 mamcosran.

1333 3318 1428 3374 Lectio
1443 3319 1570 3389 Epistola
1583 3317 1614 3372 tt.
1627 3317 1702 3373 l‘auli
1716 3318 1749 3373 ad
1763 3317 1903 3375 llonranos

1263 3406 1382 3474 Fratres,
1397 3410 1523 3464 debitores
1540 3425 1631 3463 sunaus
1645 3425 1696 3463 nora
1714 3410 1806 3475 corni,
1824 3419 1853 3464 ut
1877 3412 2014 3466 temedan

387 3496 469 3551 luleus
484 3513 537 3550 nou
551 3497 675 3562 baberet,
691 3499 764 3553 dedit
777 3499 802 3553 ei
816 3510 997 3564 consecratos,
1010 3499 1108 3570 quibos
1121 3516 1175 3556 ιιοιι
1226 3517 1330 3554 corneus
1342 3501 1469 3555 uiuamus.
1484 3499 1514 3556 Si
1525 3501 1594 3555 errius
1609 3499 1751 3557 secandum
1770 3516 1877 3555 comem
1891 3501 2012 3569 eiacum,

386 3587 484 3642 licebat
503 3588 576 3642 rusci
596 3587 646 3643 nisi
670 3587 734 3643 solis
756 3588 941 3643 sacerdotibus
962 3598 989 3644 ct
1005 3589 1124 3658 Levitis,
1147 3600 1176 3646 et
1226 3593 1373 3646 moriemini
1380 3609 1390 3658 ;
1409 3594 1433 3647 si
1448 3604 1535 3648 autern
1549 3592 1644 3663 spiritu
1658 3592 1728 3662 [octa
1741 3592 1830 3648 corais
1848 3593 2004 3664 mortificare

386 3677 437 3732 boc
455 3686 557 3731 tourtam
574 3678 763 3747 interrogarit,
780 3679 803 3733 si
822 3679 913 3734 rrrrurdi
931 3679 1059 3736 irreriata
1076 3681 1173 3736 mulie-
1227 3682 1293 3745 ritis,
1309 3683 1407 3745 riaetis,
1424 3691 1477 3738 cto.

385 3768 472 3824 ribus.
491 3769 526 3824 Et
537 3769 584 3823 illo
600 3770 778 3839 respondente
796 3771 830 3824 ab
844 3770 901 3825 beri
919 3778 947 3824 et
965 3770 1171 3835 nudiustertius,
1187 3754 1209 3816 C
1262 3771 1440 3842 Apertissime
1456 3789 1504 3828 nos
1517 3772 1612 3828 beatas
1625 3770 1786 3842 Apostolus,
1801 3771 1906 3832 iratres
1917 3776 2015 3832 cbaris-

387 3877 439 3917 uon
453 3859 585 3916 dubitavit
595 3863 760 3933 paoesdare,
770 3863 866 3918 melius
877 3864 1033 3930 arbitratus,
1041 3865 1176 3937 l'roplreta

387 3954 495 4009 «licente
510 3972 517 4009 :
535 3953 745 4009 Misericordiam
764 3956 821 4011 eolo
836 3967 859 4010 ct
878 3974 930 4012 nou
949 3958 1124 4027 sacrificium,
1143 3960 1177 4016 de

387 4041 468 4099 ianuis
482 4044 601 4113 periculo
620 4044 742 4100 boruiaes
762 4045 892 4108 liberare,
913 4062 993 4117 quarn
1009 4046 1065 4103 ileo
1079 4046 1177 4105 offerre

388 4131 570 4197 sacrifitium
591 4133 679 4187 bostia
702 4134 773 4188 eninr
795 4133 936 4203 placabilis
956 4134 1022 4204 ileo,
1038 4137 1177 4192 bominum

386 4220 460 4276 salus
472 4230 523 4276 est.
535 4219 651 4292 Oppouit
665 4237 729 4293 ergo
740 4222 870 4278 Dorulaus
883 4232 910 4279 et
924 4224 1001 4291 dicit,
1016 4225 1038 4280 si
1052 4234 1080 4281 et
1091 4225 1177 4282 Dauid

385 4324 495 4368 sauctus
514 4321 557 4368 est
573 4322 600 4368 et
619 4312 792 4369 delriurelecb
807 4313 927 4386 pontilcx
943 4330 959 4369 a
973 4314 1049 4371 robis
1068 4331 1122 4371 non
1136 4331 1177 4371 re-

382 4403 570 4472 prelienditur,
591 4403 638 4458 sod
652 4404 717 4476 legis
737 4414 849 4475 uterquc
862 4404 1020 4461 mandatum
1039 4406 1174 4477 probabili

386 4495 559 4549 excusatione
574 4496 734 4565 transgressi
749 4506 823 4562 sunt,
837 4506 865 4552 et
880 4497 965 4554 lomes
980 4498 1007 4554 ln
1022 4507 1172 4564 causaest,

385 4600 435 4640 eur
450 4583 570 4639 earudem
582 4583 680 4639 larucm
692 4602 745 4639 nou
755 4587 876 4655 probatis
891 4588 917 4641 iu
932 4588 1077 4657 apostolis,
1093 4603 1175 4659 quam

388 4675 508 4746 probatis
520 4674 548 4728 in
563 4676 684 4730 caeteris?
697 4674 856 4745 eranquanr
878 4684 906 4731 et
924 4676 951 4731 iu
967 4677 1018 4731 boe
1032 4676 1116 4732 rarulta
1131 4676 1174 4731 di·

1228 3863 1301 3930 simi,
1322 3864 1449 3934 presenti
1465 3864 1582 3921 lectione
1599 3881 1681 3935 quam
1698 3865 1823 3930 audistis,
1844 3868 1939 3924 carnis
1951 3867 2017 3924 deai-

1228 3952 1312 4009 deriis
1326 3969 1379 4008 non
1395 3953 1494 4009 debere
1505 3953 1610 4008 sarrire
1625 3954 1714 4021 docet,
1734 3954 1830 4010 dicens
1845 3972 1852 4008 ε
1869 3955 1955 4027 Ergo,
1967 3956 2018 4027 {rr-

1227 4053 1289 4109 tres,
1301 4043 1430 4097 debitores
1445 4060 1535 4098 sarnus
1550 4060 1602 4098 norr
1617 4043 1703 4110 carui,
1718 4053 1745 4098 ut
1762 4044 2018 4102 ιεειιιιάιιιιιιαιιιιι

1226 4135 1352 4190 uioarrrrrs.
1373 4134 1465 4205 Neque
1480 4144 1624 4206 propterea
1641 4152 1691 4192 nos
1707 4136 1770 4192 lecit
1784 4135 1856 4194 Deus
1874 4139 1910 4194 ad
1926 4138 2019 4213 imagi·

1227 4241 1288 4281 nem
1302 4241 1396 4292 suam,
1410 4234 1441 4281 ut
1454 4226 1544 4282 caruis
1559 4226 1681 4283 servituti
1696 4241 1819 4282 essonnrs
1832 4228 1962 4296 obnoxii,
1973 4229 2019 4287 sad

1226 4316 1316 4388 potius
1330 4326 1360 4372 ut
1371 4317 1488 4372 creatori
1501 4333 1550 4373 suo
1562 4317 1652 4373 anima
1663 4315 1820 4374 deserviens
1832 4318 1893 4387 ipso
1906 4319 2018 4375 servitio

1226 4420 1258 4461 ac
1278 4393 1429 4462 ministerio
1447 4408 1537 4463 carnis
1562 4416 1694 4464 uteretur.
1722 4407 1776 4464 Sed
1804 4407 1923 4465 tortasse
1945 4409 2016 4466 diost

1226 4496 1325 4568 aliquis
1339 4497 1476 4567 quomodo
1486 4496 1562 4553 carni
1577 4512 1631 4553 non
1646 4513 1739 4553 sumus
1750 4499 1903 4566 debitores,
1920 4515 1982 4555 eum
1992 4508 2019 4556 et

1226 4585 1327 4641 rictum
1338 4587 1363 4643 ei
1376 4597 1404 4642 et
1419 4588 1607 4643 indumentum
1620 4589 1763 4660 providere
1781 4597 1889 4645 naturae
1902 4591 2019 4648 amessa

1227 4685 1282 4732 tate
1307 4679 1458 4750 cogamur?
1485 4678 1538 4735 Sed
1564 4687 1595 4735 ut
1622 4680 1779 4735 ostenderet
1798 4677 1948 4751 Apostolus
1966 4696 2017 4736 aaa

1227 4771 1302 4826 carni
1318 4771 1419 4842 aliquid
1432 4771 1557 4828 corrierre
1570 4772 1686 4844 propriu
1704 4772 1877 4828 necessitatis
1887 4773 2018 4843 culpabile

384 4857 421 4912 illi
442 4873 526 4930 panes
540 4857 716 4913 coruoderunt
728 4857 879 4923 beriticus,
900 4867 928 4912 et
946 4860 980 4914 ad
1000 4857 1111 4914 sabboti
1135 4875 1175 4914 so
1225 4875 1301 4927 esse,
1319 4862 1366 4916 scd
1385 4862 1470 4932 ipsam
1485 4862 1568 4917 vitam
1583 4862 1675 4918 earrris
1692 4861 1925 4931 concupiscentiis
1941 4877 2016 4917 mau-

381 4950 550 5007 leruaitatero
570 4950 734 5007 accedebant
758 4950 962 5006 neomeniarum
984 4950 1051 5014 dies,
1076 4951 1175 5021 quibus
1225 4957 1335 5027 cipare,
1361 4956 1422 5011 ideo
1447 4954 1569 5019 addidit,
1596 4953 1620 5007 si
1645 4952 1713 5007 caira
1738 4950 1886 5007 secundarit
1914 4968 2016 5010 cam

384 5044 411 5099 in
433 5045 556 5101 corrririo
575 5045 721 5115 requisitus
737 5042 804 5114 lugit
823 5060 857 5098 er
874 5043 934 5100 aula
950 5043 1034 5115 regia.
1050 5042 1172 5099 Observa
1225 5047 1351 5109 riseritis,
1370 5044 1525 5099 ororiemiui.
1549 5042 1703 5098 munuum
1725 5057 1836 5097 cantem
1862 5042 1957 5098 virere
1979 5050 2017 5098 etl

382 5136 456 5205 quod
474 5150 555 5204 pones
574 5136 765 5205 propositionis
786 5151 837 5191 nec
855 5135 938 5191 David
957 5150 1008 5190 nee
1023 5136 1097 5206 pueri
1113 5136 1172 5206 ejus
1226 5136 1383 5192 carnalibus
1402 5133 1543 5189 desideriis
1562 5132 1714 5204 indulgere.
1731 5130 1759 5186 la
1781 5132 1833 5186 boe
1854 5146 1922 5204 ergo
1941 5139 2016 5204 negat

384 5226 539 5296 acceperint
560 5235 704 5296 antequam
725 5241 756 5283 se
775 5243 791 5283 a
813 5226 970 5283 urulieribus
985 5227 1172 5283 marrrdoscsse
1225 5225 1370 5298 Apostolus
1392 5241 1442 5280 nos
1463 5223 1600 5279 debitores
1623 5237 1693 5287 esse,
1715 5222 1787 5277 sicut
1800 5229 1829 5276 et
1848 5221 1914 5277 alibi
1928 5221 2014 5278 dicit:

385 5317 592 5385 responderunt.
1226 5318 1260 5372 ttr
1272 5318 1359 5372 curuis
1376 5332 1467 5369 rurant
1484 5331 1534 5369 rrorr
1547 5313 1659 5385 feceritis
1677 5314 1703 5367 irr
1719 5313 1939 5383 concupiscentiis
1950 5313 2014 5386 eju.

418 5410 470 5463 dut
488 5425 540 5463 non
557 5408 652 5479 lepistis
667 5409 694 5463 iu
711 5412 765 5479 leqe
777 5410 840 5480 quia
855 5407 971 5463 salietis
984 5407 1130 5462 secerdotes
1144 5408 1171 5462 in
1226 5408 1284 5463 Nou
1305 5409 1399 5478 artique
1410 5407 1535 5476 denegat,
1554 5416 1581 5460 et
1596 5404 1633 5460 ibi
1649 5404 1739 5459 caruis
1755 5417 1852 5459 euram
1866 5403 2014 5461 babentia·

383 5501 478 5572 templo
492 5481 627 5554 stellatam
642 5500 756 5565 violant,
775 5509 798 5553 ct
818 5500 873 5555 siae
892 5499 1000 5553 criurirre
1019 5498 1105 5552 sunt?
1121 5498 1173 5553 Ca·
1226 5500 1253 5553 in
1269 5495 1432 5553 necessariis
1453 5496 1515 5550 ritae
1530 5494 1633 5558 usibus,
1649 5492 1696 5547 sed
1715 5491 1773 5563 ejus
1789 5490 2016 5566 correupisoentils

383 5589 568 5655 lunraianrini,
584 5590 681 5659 iuquit,
701 5590 847 5659 discipulos
862 5606 953 5655 meos,
973 5605 1022 5645 cur
1034 5605 1083 5660 per
1095 5605 1172 5659 sege-
1221 5588 1384 5645 consentire.
1406 5586 1557 5656 Sequitur:
1574 5582 1603 5639 Si
1617 5594 1703 5637 autern
1722 5582 1818 5654 spirite
1841 5581 1914 5652 [ectu
1930 5581 2013 5637 carreis
2064 5619 2066 5628 ·

382 5693 607 5741 testranseuutes
621 5684 709 5754 spicas
723 5685 862 5749 triverint,
884 5685 977 5740 etboe
992 5684 1113 5739 iecerunt
1130 5683 1171 5739 ia·
1222 5676 1439 5747 mortificaveritis
1453 5675 1551 5730 uinetis.
1570 5673 1698 5744 Quiergo
1720 5671 1870 5728 secundum
1885 5670 2013 5743 spiritalia
2036 5688 2067 5725 Δ

382 5778 435 5834 tois
450 5778 611 5832 necessitato
626 5787 739 5848 cogente
754 5794 761 5830 ε
777 5794 838 5832 eurn
853 5777 903 5847 ipsi
922 5775 1072 5831 Sabbatum
1091 5775 1171 5832 riute
1221 5772 1288 5825 ririt
1303 5769 1446 5834 desideria,
1464 5776 1492 5822 et
1510 5765 1658 5822 montilleat
1674 5773 1751 5820 actus
1764 5763 1858 5819 earnis
1876 5777 1944 5829 sua,
1958 5761 2067 5833 ipset

380 5867 418 5925 tis
430 5868 458 5922 iu
473 5866 573 5935 templo
588 5867 758 5922 immolantes
772 5867 906 5933 rictinras,
920 5867 1055 5924 cadeates
1067 5876 1168 5933 tauros,
1221 5861 1288 5917 *llil
1317 5867 1428 5930 prolatet
1457 5856 1653 5913 inhabilitatem
1680 5855 1706 5910 5¹¹
1732 5870 1763 5911 ⁸⁰
1784 5852 1921 5925 Spiritum
1943 5851 2066 5909 Vll!-

380 5955 538 6013 holoeausta
550 5971 632 6026 super
644 5957 776 6025 lignorum
795 5965 896 6011 struem
916 5956 1043 6011 incendio
1055 5970 1169 6012 couerc-
1223 5953 1276 6009 isto
1298 5953 1369 6006 euim
1395 5950 1474 6005 nrodo
1493 5949 1555 6020 quis
1574 5956 1651 6003 aetus
1672 5946 1762 6001 earnis
1779 5943 1948 6001 mortificare
1967 5955 2067 6014 po—

1223 6043 1292 6098 test?
1304 6041 1371 6096 Nam
1391 6039 1495 6095 fruetus
1506 6037 1618 6109 spiritus
1630 6043 1672 6092 est
1686 6034 1816 6099 ebaritas,
1829 6033 1924 6090 odium
1936 6039 2067 6088 aena

1222 6142 1265 6190 cst
1282 6133 1381 6189 mauis.
1398 6129 1498 6187 Odium
1511 6141 1576 6199 ergo
1594 6141 1644 6198 per
1653 6124 1814 6181 charitatem
1835 6121 2067 6179 umniflnta'

1223 6237 1252 6283 et
1269 6223 1461 6297 exstinguitur.
1487 6220 1621 6278 Gaudium
1642 6217 1669 6273 lu
1689 6216 1746 6273 beo
1763 6214 1893 6272 similiter
1911 6213 2059 6270 irruas

1223 6329 1265 6377 cst
1289 6317 1408 6391 spiritus.
1438 6311 1559 6370 Tristitia
1590 6309 1669 6381 lustjus
1698 6303 1789 6363 saculi
1814 6319 1877 6378 quae
1898 6311 2035 6361 morietur

379 6054 497 6113 mantes,
512 6055 540 6103 et
550 6047 628 6118 juxta
640 6047 752 6104 alterius
764 6047 901 6121 Evangelii
915 6046 1009 6115 iidem,
1024 6048 1170 6105 circumci-

379 6131 476 6216 dentes
499 6133 625 6208 parrulos
643 6137 671 6193 in
692 6135 828 6203 Sabbato,
856 6144 885 6193 et
898 6137 963 6193 dum
986 6137 1169 6210 aliamlegem

381 6237 491 6282 serrare
511 6226 610 6297 cupitis
624 6225 772 6284 Sabbatum
785 6227 942 6285 destruatis.
962 6227 1105 6301 Nunquam
1123 6245 1170 6284 au·

383 6321 437 6371 totu
454 6317 526 6389 leges
542 6319 650 6376 bonrtni
662 6319 712 6378 sliri
727 6322 870 6379 contrariae
884 6332 961 6392 suut,
977 6330 1003 6377 et
1022 6321 1169 6394 prudenter
