4500 6842
334 672 393 736 ll·
655 667 687 724 tt.
705 663 833 723 nattam
852 664 962 723 ribot
979 660 1140 722 AROEEP.
1161 660 1316 720 noctur.
1335 658 1477 717 orentii
1496 656 1587 714 PARS
1605 657 1637 714 ll.
1913 657 1976 714 ill*

332 780 408 844 aori.
427 778 492 839 linc
503 778 613 838 dilectio
625 777 753 851 populum
765 792 865 833 uorum
874 775 984 848 collegit
996 774 1124 841 cbristo;
1139 782 1162 839 A
1178 776 1234 831 Eos
1248 774 1390 830 mulierum
1405 782 1448 828 est
1467 772 1590 842 aspicere
1603 787 1634 827 sc
1655 770 1682 825 ia
1699 768 1826 840 speculis,
1841 777 1869 826 ιιι
1886 770 1967 843 quid·

331 873 529 943 lwetotiquor
540 871 635 927 Patres
646 870 791 925 innovabat
803 878 833 923 ut
845 876 937 924 essent
950 866 1125 923 inebriatum
1176 867 1241 938 quid
1264 867 1291 923 ia
1314 883 1344 923 se
1364 866 1502 922 sordidum
1523 866 1726 936 perspexerint,
1749 873 1796 918 aut
1819 880 1873 919 nou
1899 864 1969 922 beau

333 964 474 1022 eredaates
490 960 536 1031 qui
552 968 682 1015 venturus
700 966 759 1012 erat
780 957 913 1012 redimere
931 971 988 1013 eos.
1009 956 1128 1011 audiant
1177 960 1366 1029 mmpositum,
1381 958 1408 1012 in
1419 956 1968 1028 meliusemembtum,ruissatagantplo·

333 1053 407 1112 carim
419 1062 500 1122 atque
512 1048 677 1114 custodiant,
701 1047 858 1103 Nemetum
881 1063 976 1102 nouum
999 1047 1035 1101 do
1054 1047 1128 1101 uelis
1177 1066 1240 1108 cere
1254 1051 1368 1106 maritis.
1390 1049 1467 1119 Quod
1487 1049 1577 1103 lacere
1597 1049 1736 1102 moraliter
1750 1049 1892 1104 animabus
1905 1065 1969 1105 con-

333 1153 363 1200 at
382 1142 498 1214 diliqetir
518 1141 637 1205 incienu,
659 1139 815 1209 omnesqui
832 1138 928 1193 rolant
947 1136 1047 1193 iratres
1066 1152 1128 1193 esse
1177 1145 1250 1198 uenit
1265 1143 1375 1197 umeris.
1390 1142 1525 1197 Debemus
1538 1140 1638 1194 etenim
1651 1154 1701 1194 nos
1718 1140 1745 1194 in
1761 1139 1908 1208 Evangelii,
1922 1156 1967 1195 scu

334 1234 407 1291 mici
421 1232 480 1288 Filii
494 1231 553 1298 Dei,
565 1232 612 1301 qui
625 1230 742 1301 seipsum
757 1230 784 1284 in
799 1230 850 1285 bac
864 1228 1006 1285 dilectione
1017 1229 1129 1284 tradidit
1177 1234 1296 1290 onmium
1307 1234 1458 1289 diuinarum
1469 1234 1670 1304 scripturarum
1680 1234 1837 1303 conspicere
1847 1233 1967 1304 speculo,

333 1337 384 1395 pro
397 1322 483 1379 nobis.
500 1320 568 1376 llam
582 1329 610 1375 et
629 1321 656 1376 io
673 1320 724 1375 boc
737 1319 864 1373 mandato
886 1318 949 1372 illud
969 1319 1126 1373 mandatum
1178 1332 1206 1379 et
1221 1325 1350 1396 depositis
1363 1323 1496 1385 sordium,
1513 1324 1670 1393 ornansque
1683 1323 1803 1377 moribus
1816 1323 1968 1377 animarum

334 1415 458 1485 estquod
467 1414 543 1487 prius
553 1412 681 1483 ponitur:
694 1410 793 1482 Diiiqes
806 1410 946 1467 Dominum
959 1409 1041 1464 Deum
1052 1421 1127 1464 taum
1178 1423 1346 1479 nostrarum,
1361 1413 1470 1469 Cbristo
1483 1428 1548 1467 uero
1572 1413 1679 1485 plaeere
1696 1414 1793 1468 merito
1806 1411 1900 1485 [Forte
1916 1413 1971 1484 leq.⁴

332 1518 367 1558 er
384 1511 438 1557 toto
458 1502 537 1557 eorde
553 1513 610 1567 tao,
630 1510 655 1555 et
672 1516 705 1555 ec
722 1511 776 1555 tote
797 1501 886 1555 anime
907 1511 964 1567 tua,
979 1512 1003 1555 et
1023 1516 1055 1554 ea
1074 1511 1128 1555 tota
1178 1501 1298 1576 ruaritol.

334 1603 419 1650 mente
433 1604 488 1647 tue.
509 1591 564 1649 Sed
576 1593 644 1649 bene
658 1592 869 1664 intelligentibus
887 1604 1032 1663 utrumque
1051 1593 1126 1647 inro-
1214 1593 1268 1660 Qui
1280 1604 1368 1647 autem
1385 1595 1543 1665 perspexerit
1557 1595 1586 1649 iu
1597 1593 1651 1665 leqe
1665 1593 1778 1664 perlecta
1791 1593 1928 1660 libertatis,
1945 1605 1970 1649 et

334 1683 410 1739 uitur
421 1684 449 1739 iu
463 1681 591 1753 singulis;
605 1698 668 1737 uam
685 1682 775 1753 etqui
793 1681 879 1754 diligit
896 1681 979 1736 ὓιιιιιι
995 1698 1049 1737 uon
1065 1697 1128 1737 eum
1177 1684 1348 1757 permanserit
1362 1686 1390 1738 in
1407 1702 1449 1738 ea.
1470 1684 1569 1755 Legem
1589 1683 1736 1755 perlectam
1757 1684 1890 1739 libertatis
1906 1700 1969 1755 gra-

334 1782 426 1849 polest
442 1775 570 1832 cobibers
586 1776 788 1848 precipientem
803 1784 834 1830 ut
850 1776 944 1845 diligat
963 1777 1127 1846 proximum,
1179 1777 1244 1831 tiam
1263 1776 1401 1848 Evangelii
1421 1777 1501 1841 dicit;
1523 1777 1590 1833 nibil
1609 1776 1681 1831 onim
1701 1777 1734 1832 ad
1754 1775 1904 1846 perlectum
1928 1778 1970 1831 les

336 1881 365 1928 ct
376 1871 420 1943 qui
434 1879 496 1927 aate
512 1879 594 1941 atque
610 1870 766 1942 spiritaliter
778 1870 864 1941 diligit
879 1871 1049 1940 proximum,
1063 1871 1128 1941 quid
1178 1869 1299 1924 adduxit
1316 1869 1350 1924 Et
1365 1868 1429 1923 alibi
1445 1886 1451 1921 :
1472 1868 1533 1922 Nou
1548 1869 1617 1922 enim
1633 1869 1768 1938 accepistis
1779 1869 1900 1939 ranitunr
1914 1885 1970 1923 ser·

335 1960 364 2020 lu
388 1975 422 2017 eo
446 1959 532 2032 diligit
554 1960 605 2015 nisi
630 1959 792 2014 Dominam?
818 1959 876 2028 lpsa
897 1968 939 2013 est
959 1958 1067 2015 dilectio
1093 1960 1128 2013 ab
1178 1960 1266 2015 uitutir
1283 1960 1377 2012 iterum
1395 1959 1423 2012 in
1437 1958 1540 2021 timore,
1555 1957 1600 2013 red
1619 1959 1756 2028 recepistis
1777 1958 1898 2028 spiritum
1920 1958 1971 2011 ed·

334 2052 408 2107 mani
422 2050 556 2106 mundana
566 2049 711 2107 dilectione
720 2050 836 2105 discreta
849 2065 929 2120 quom
940 2049 1129 2121 distinguendo
1179 2050 1293 2122 optionis
1305 2049 1431 2119 filiarum.
1452 2048 1486 2104 Et
1505 2049 1605 2104 iterum
1620 2067 1626 2103 :
1644 2046 1693 2103 illi
1713 2050 1780 2103 enim
1795 2049 1901 2118 spiritur
1919 2048 1973 2102 Do-

336 2139 438 2198 tddidit
449 2140 588 2205 Dominus,
598 2137 755 2194 sieutdileri
768 2155 821 2201 ror,
834 2154 896 2194 cunr
910 2136 1129 2195 Dominuslesus
1143 2132 1165 2190 B
1180 2140 1256 2206 mirri,
1274 2138 1310 2193 ili
1329 2138 1444 2194 libertas.
1466 2139 1499 2193 Et
1519 2139 1575 2209 ipse
1595 2137 1744 2193 Dominus:
1760 2136 1789 2191 Si
1801 2153 1859 2203 uas,
1874 2137 1974 2206 inquit,

336 2236 458 2286 stactam
472 2227 653 2294 dilectionem,
667 2244 719 2300 qua
736 2243 765 2284 se
784 2229 900 2283 invicem
915 2229 1068 2301 diligerent,
1087 2228 1129 2283 di·
1179 2227 1266 2284 Filius
1281 2229 1504 2295 tiberaurinuere
1517 2228 1593 2283 liberi
1605 2229 1689 2283 eritis.

336 2318 446 2389 scipulis
459 2318 671 2374 commendaret.
858 2319 871 2344 ¹
1216 2319 1278 2376 Nou
1291 2320 1398 2375 auditor
1416 2319 1555 2374 obliuiorrr
1576 2318 1673 2384 sactus,
1694 2318 1740 2373 red
1761 2317 1844 2383 faetor
1863 2319 1972 2387 operis:

372 2408 442 2464 Dicit
453 2410 475 2465 ei
488 2408 579 2465 Simon
591 2408 685 2464 Petrus
696 2424 705 2462 .·
718 2409 839 2475 Domine,
849 2427 900 2481 quo
916 2410 1008 2467 rediri
1020 2410 1065 2466 Sic
1077 2410 1130 2466 uti-
1179 2410 1221 2463 irie
1235 2409 1324 2464 beatus
1338 2410 1365 2464 in
1382 2410 1451 2477 iacto
1466 2426 1514 2463 ruo
1529 2412 1587 2464 erit.
1608 2408 1664 2463 Non
1678 2410 1771 2464 auditu
1786 2408 1862 2464 uerbi
1878 2425 1975 2480 super-

338 2514 392 2571 que
410 2500 462 2555 boe
480 2499 549 2554 dixit
565 2500 694 2570 magistro
704 2500 851 2571 discipulus
866 2508 895 2555 et
909 2500 1023 2575 Domino
1035 2515 1130 2557 servus
1180 2514 1276 2565 vacuo,
1290 2500 1337 2554 sed
1351 2500 1441 2569 operis
1455 2501 1629 2555 exsecutione
1643 2500 1780 2555 beatitudo
1795 2510 1972 2570 praeparatur,

339 2599 466 2660 tanquam
487 2590 701 2661 aequiparares,
720 2598 862 2661 propterea
882 2590 981 2661 quippe
1002 2591 1132 2648 θοιιιίιιιιε
1180 2592 1250 2648 sicut
1262 2600 1290 2648 et
1308 2591 1438 2648 Dominus
1458 2592 1571 2663 loquens
1592 2594 1626 2647 ad
1649 2592 1816 2664 discipulos:
1836 2591 1868 2648 Si
1885 2604 1975 2647 aurem

338 2681 385 2752 qui
397 2680 457 2752 elus
473 2679 593 2736 animum
606 2677 673 2734 vidit
688 2694 772 2749 quare
786 2679 838 2735 boc
852 2679 1075 2750 interrogaverit,
1091 2679 1132 2736 sic
1180 2682 1262 2747 reitir,
1275 2682 1342 2736 lenti
1354 2680 1436 2747 eritis,
1450 2682 1551 2752 inquit,
1567 2683 1590 2736 si
1604 2682 1715 2752 feceritis
1728 2699 1768 2737 ea.

338 2772 363 2829 cl
381 2773 536 2843 respondit:
1216 2771 1246 2826 Si
1257 2772 1315 2842 quir
1331 2781 1419 2826 eutem
1437 2782 1553 2842 putatae
1574 2770 1722 2842 reliqiasum
1742 2789 1808 2837 erse,
1828 2789 1880 2826 nore
1894 2772 1977 2842 refre-

375 2861 433 2930 Quo
444 2880 490 2934 eqo
501 2862 566 2917 uado
579 2877 631 2917 non
640 2870 744 2933 potestte
756 2876 797 2916 me
808 2859 885 2915 modo
896 2860 977 2930 requi.
991 2858 1132 2931 Tanquam
1181 2878 1248 2917 nans
1270 2861 1388 2932 linquam
1402 2879 1493 2927 rtrum,
1512 2861 1557 2917 red
1578 2862 1704 2917 reducens
1724 2879 1770 2916 eor
1786 2879 1879 2927 suurn,
1894 2862 1976 2931 bujrrs

339 2954 442 3011 diceret
456 2972 463 3009 a
478 2938 593 3024 Propter
608 2952 680 3024 quod
700 2953 851 3025 interrogas
869 2968 923 3009 non
945 2961 1022 3022 potes
1041 2952 1130 3008 modo.
1181 2969 1248 3007 sonu
1261 2962 1298 3007 est
1313 2952 1414 3022 reliqio.
1429 2952 1569 3008 llonuerat
1581 2968 1662 3024 supra
1675 2953 1787 3008 uerbum
1802 2953 1849 3008 Dei
1865 2969 1918 3011 non
1930 2968 1976 3006 so-

339 3042 399 3101 bon
418 3042 456 3099 ait
471 3062 478 3098 ι
494 3042 553 3098 Νοιι
571 3050 663 3114 potes;
684 3043 731 3099 sed
749 3058 802 3097 non
821 3052 897 3114 potes
911 3034 988 3097 modo
1002 3059 1012 3098 .·
1026 3044 1133 3099 dilatio·
1181 3044 1236 3098 lum
1259 3044 1362 3107 atrDire,
1383 3044 1430 3100 sed
1452 3052 1480 3099 et
1502 3043 1600 3108 lacere,
1622 3060 1695 3099 nrtne
1715 3045 1801 3107 addit,
1822 3045 1885 3113 quia
1904 3055 1934 3098 ct
1952 3045 1976 3099 si

340 3147 401 3189 uem
416 3131 519 3197 intulit,
537 3146 589 3186 non
605 3145 679 3201 spem
694 3132 771 3199 tulit;
788 3141 815 3188 et
828 3134 949 3189 eamdem
963 3148 1037 3204 spera
1050 3150 1132 3205 quam
1181 3135 1308 3190 mandata
1324 3135 1384 3205 quis
1399 3135 1503 3190 Domini
1519 3151 1579 3204 quae
1592 3135 1686 3190 didicit
1700 3133 1782 3190 lactis
1792 3150 1917 3190 exercere
1932 3135 1976 3187 ri-

339 3235 395 3280 tton
407 3219 484 3286 tulit,
504 3221 551 3277 red
572 3222 662 3290 potius
682 3220 770 3289 dedit,
787 3223 909 3292 sequenti
924 3238 991 3279 voce
1015 3224 1134 3279 firmarit
1181 3224 1269 3290 detur,
1291 3225 1314 3280 si
1331 3240 1386 3280 aon
1397 3226 1479 3282 etiam
1498 3226 1614 3294 linguam
1629 3242 1643 3279 a
1656 3226 1880 3288 detractionibus,
1896 3240 1976 3279 arren-

340 3314 462 3371 addendo
477 3321 558 3383 atque
572 3311 686 3369 dicendo
700 3327 708 3368 ι
1182 3314 1277 3381 duciis,
1292 3314 1479 3385 blasphemiis,
1495 3316 1678 3387 stultiloquiis,
1692 3318 1726 3372 ab
1738 3318 1795 3386 ipso
1809 3317 1891 3371 etiarn
1904 3316 1977 3370 mul-

375 3402 497 3478 Sequeris
513 3412 600 3459 eutem
614 3414 713 3475 pauca.
726 3403 866 3475 Respondit
881 3404 973 3461 Petrus
984 3422 993 3460 :
1006 3406 1094 3472 Quare
1107 3417 1134 3463 te
1183 3405 1305 3476 tiloquio,
1320 3407 1480 3477 caterisque
1494 3407 1590 3476 quibus
1603 3423 1716 3480 peccare
1738 3408 1806 3463 solet
1820 3386 1978 3463 refrenave-

340 3510 508 3565 ttonporrum
518 3492 828 3566 requimadoldnimum
839 3504 1130 3566 mecmproteponern.
1145 3486 1168 3547 C
1183 3496 1230 3561 rit,
1253 3494 1355 3551 lrustra
1376 3511 1406 3551 se
1426 3497 1459 3552 de
1478 3511 1591 3567 operum
1611 3497 1717 3566 justitia
1736 3496 1831 3565 jactat,
1854 3498 1927 3552 sieut
1950 3506 1979 3552 et

340 3583 411 3653 oeta
434 3584 462 3640 iu
484 3583 650 3656 aoimoeius
668 3588 728 3640 eise
745 3583 901 3655 cupiditatis
919 3585 1042 3641 ridebat?
1061 3585 1131 3654 Quid
1180 3583 1281 3640 Paulus
1303 3586 1412 3656 gentilis
1434 3596 1520 3658 poetae
1545 3589 1706 3644 sententiam
1729 3589 1883 3659 approbans
1902 3589 1943 3644 ait
1971 3604 1978 3644 :

339 3671 438 3729 virium
452 3689 505 3730 non
520 3673 644 3730 ridebat?
659 3673 828 3730 Voluntatem
840 3689 916 3731 suam
925 3673 1045 3744 jactabat
1057 3676 1133 3733 inllr·
1181 3672 1357 3745 Corrumpunt
1372 3675 1451 3730 lones
1466 3691 1549 3730 morer
1564 3675 1694 3749 colloquio
1705 3675 1787 3731 mala.

340 3777 413 3829 mus,
426 3764 473 3820 sed
487 3763 657 3834 impendebat
670 3764 850 3821 valetudinem
863 3767 992 3823 medicus.
1008 3767 1061 3824 late
1072 3783 1134 3839 pro·
1216 3762 1318 3835 lldiqio
1337 3765 1436 3821 munda
1454 3775 1478 3820 et
1498 3766 1667 3821 immaculate
1685 3766 1756 3832 apud
1774 3766 1859 3821 Deum
1877 3776 1902 3821 et
1923 3766 1977 3822 Pa-

340 3851 482 3919 mittebat,
497 3852 542 3911 ille
553 3852 748 3924 praenoscebat
765 3853 815 3922 Qui
829 3855 976 3923 nesciebat,
989 3856 1116 3913 audiebat
1121 3873 1129 3925 ;
1181 3865 1257 3922 tren,
1268 3856 1325 3910 true
1335 3864 1384 3911 ert.
1395 3855 1513 3913 Pulcbre
1522 3858 1634 3922 addidit,
1644 3858 1714 3925 apud
1727 3858 1810 3913 Deum
1819 3868 1844 3912 et
1856 3856 1979 3926 Patrem,

339 3953 370 4001 ot
381 3944 428 4015 qul
441 3943 613 4015 presciebat,
627 3944 750 4004 docebat.
1182 3947 1245 4017 quia
1258 3957 1321 4003 sunt
1333 3950 1380 4019 qui
1396 3950 1551 4006 bominibus
1573 3951 1689 4023 religiosi
1703 3951 1839 4016 ridentur,
1854 3967 1918 4006 curo
1932 3967 1981 4009 ou·

375 4032 517 4106 dupondi
538 4032 617 4091 term
635 4048 645 4088 .·
665 4034 789 4092 Animum
807 4044 880 4092 tuam
902 4054 950 4108 pro
979 4056 1020 4095 nee
1039 4057 1131 4112 pones.
1181 4054 1239 4094 ram
1256 4038 1478 4096 Deobabeantur
1494 4040 1611 4112 prolani.
1634 4041 1711 4098 Unde
1725 4051 1753 4096 et
1772 4041 1899 4096 Salomon
1915 4042 1979 4096 ait:

341 4124 418 4193 Quod
433 4124 584 4195 promittis,
599 4124 680 4181 modo
694 4139 748 4181 nou
769 4133 861 4197 potes;
883 4127 959 4197 prius
979 4137 1023 4185 est
1042 4129 1132 4186 anima
1182 4129 1232 4186 liet
1253 4131 1366 4202 uiaque
1381 4131 1483 4187 uidetur
1499 4133 1600 4186 bamini
1616 4132 1707 4203 irrata,⁸
1725 4133 1865 4187 nouuima
1888 4142 1981 4186 autem

341 4227 402 4270 mea
415 4228 464 4284 pro
479 4222 506 4268 te
519 4214 658 4284 pauenda,
671 4220 702 4270 ιιι
718 4215 806 4285 possis
818 4223 911 4285 postea
926 4219 1043 4275 animam
1057 4228 1132 4276 tuam
1182 4220 1239 4291 ejas
1252 4220 1384 4275 &ducunt
1395 4222 1430 4275 nrt
1445 4232 1563 4276 mortem.

342 4315 392 4373 pro
410 4316 453 4357 me
474 4313 588 4371 ponere;
611 4301 704 4370 sicque
726 4304 932 4360 resurrectionis
957 4322 1024 4362 rneee
1047 4307 1132 4378 gloria
1223 4309 1335 4364 l'isiture
1348 4310 1460 4380 pupillos
1473 4320 1498 4364 et
1512 4311 1605 4365 viduas
1619 4312 1645 4364 in
1659 4311 1826 4366 tribulatione
1839 4321 1982 4377 earum,et

342 4388 558 4460 comprobraret
571 4389 704 4459 passionis
714 4397 767 4446 luto
779 4405 883 4448 merces
895 4392 923 4447 in
933 4394 1037 4450 coelesti
1051 4411 1134 4467 regno
1183 4401 1380 4456 immaculatum
1388 4420 1416 4457 se
1425 4405 1557 4459 custodire
1567 4405 1599 4459 uit
1610 4406 1659 4459 boe
1671 4405 1777 4460 iaculo.
1793 4405 1861 4472 Quia
1872 4406 1983 4462 dixerat

343 4476 391 4534 tlbl
411 4476 607 4548 preparabitur
628 4486 659 4534 ut
682 4492 743 4534 cum
761 4479 863 4535 satietis
883 4481 985 4552 angelis
1009 4483 1083 4540 rivas
1106 4495 1135 4541 et
1183 4489 1313 4546 iactarem
1330 4492 1420 4561 operis
1433 4494 1541 4548 beatum
1560 4495 1587 4548 in
1602 4493 1674 4550 lacto
1690 4511 1740 4551 suo
1752 4496 1888 4559 fratruum,
1907 4512 1982 4551 nurrc

342 4570 460 4646 grumae
475 4571 626 4643 peremnia
639 4571 737 4628 saecula
749 4572 918 4629 saeculorum.
934 4574 1029 4632 Amen.
1183 4596 1244 4651 quae
1256 4580 1326 4637 lacta
1343 4581 1398 4637 Deo
1419 4584 1536 4638 maxime
1551 4584 1675 4654 placeant
1688 4586 1769 4648 dicit,
1791 4585 1982 4640 misericordia

631 4679 772 4738 H0lllle
792 4682 849 4738 til..
1184 4673 1288 4730 sufficet
1298 4682 1327 4728 et
1339 4674 1502 4729 innocentia.
1517 4675 1639 4745 Namque
1653 4676 1679 4730 in
1690 4692 1723 4731 eo
1736 4676 1807 4746 qarod
1818 4676 1938 4746 pupillos
1952 4686 1982 4732 et

417 4766 579 4808 noarutar
598 4768 630 4808 rr
648 4767 728 4808 rosr
746 4768 901 4810 ocraraa
920 4770 1060 4814 riscus.
1184 4765 1279 4820 viduas
1298 4766 1325 4818 in
1346 4765 1517 4821 tribulatione
1531 4780 1624 4821 eorum
1642 4766 1751 4822 visitare
1762 4765 1859 4835 jussit,
1879 4778 1981 4821 cuncta

454 4839 548 4896 ¹⁴⁰⁰²5⁰
561 4840 688 4928 Epistola
702 4840 773 4897 ΜΠ
787 4839 880 4899 3ῧοοΝ
896 4846 1019 4915 θΡθὸῑθΙῙ·
1145 4852 1244 4925 llqttae
1262 4871 1326 4927 erga
1347 4857 1499 4925 proximum
1523 4858 1735 4913 misericorditer
1750 4873 1830 4930 agore
1846 4859 1982 4913 debemus

380 4928 544 4994 (lindesinri,
563 4939 642 4986 estate
659 4931 772 5001 [actores
786 4934 872 5000 uerbi,
889 4944 914 4989 et
932 4952 986 4991 nan
999 4937 1132 4993 auditores
1183 4946 1312 5002 insinuat.
1328 4946 1405 5014 Quod
1417 4956 1548 5018 quantuni
1561 4948 1661 5014 valeat,
1677 4949 1736 5019 ipso
1747 4948 1842 5019 judicii
1857 4957 1982 5019 tempore

344 5030 457 5083 ludim·
472 5026 525 5075 02⁰·
1182 5035 1324 5104 pandetur,
1347 5035 1394 5089 ulti
1416 5037 1539 5093 diuurus
1556 5045 1597 5092 est
1614 5036 1696 5106 judex
1712 5056 1719 5092 :
1736 5037 1862 5103 Quantis
1879 5037 1983 5106 [eduis

377 5105 423 5164 Sic
434 5116 461 5162 et
471 5105 572 5165 Paulus
584 5108 618 5165 de
630 5108 699 5181 logis
711 5111 860 5171 cultoribus
874 5114 912 5169 ait
928 5132 934 5169 ι
952 5115 1015 5171 lion
1028 5117 1133 5173 audito·
1183 5127 1230 5181 aar·
1243 5126 1414 5196 detractibus
1432 5130 1495 5184 uuir
1512 5130 1637 5195 asininis,
1655 5131 1719 5184 uili
1731 5129 1837 5199 sedetis.
1851 5128 1939 5185 Porro
1952 5128 1982 5185 in

341 5210 383 5252 Μ
400 5206 503 5252 “illlum
516 5197 893 5271 leqirp'uttifieelunturapurt
907 5204 1007 5269 Deum,
1021 5205 1067 5261 ted
1089 5206 1133 5277 stt·
1183 5230 1216 5271 oo
1235 5214 1307 5286 quod
1326 5218 1512 5273 immaculatos
1533 5234 1584 5274 nos
1604 5219 1638 5273 ab
1657 5220 1709 5274 boc
1731 5218 1831 5273 sucula
1846 5216 1982 5273 custodiri

339 5300 423 5342 aures
433 5290 497 5359 leqir
506 5288 573 5359 justi
584 5300 657 5346 rant.
672 5290 706 5347 lit
721 5292 748 5348 in
759 5293 921 5365 Apocalypsi
933 5294 1056 5362 loannis,
1069 5312 1131 5353 cum
1183 5306 1312 5375 precepit
1322 5307 1447 5361 universo
1459 5308 1485 5361 in
1500 5308 1599 5378 quibus
1612 5323 1662 5364 nos
1674 5310 1747 5380 ipsos
1760 5316 1851 5363 castos
1866 5322 1982 5365 serrare

339 5375 453 5433 dixisset
466 5396 473 5433 :
486 5377 584 5434 Beetru
595 5380 640 5453 qai
654 5382 715 5454 leqit
727 5385 806 5454 etqui
816 5385 891 5439 audit
904 5386 980 5441 uerbo
990 5388 1133 5458 propterte
1182 5395 1261 5452 deum
1273 5396 1406 5463 ostendit;
1429 5397 1570 5468 inquibus
1589 5406 1770 5470 supterque
1784 5413 1867 5469 supra
1884 5399 1984 5455 obser-

339 5465 401 5523 lilri
419 5468 512 5539 lujat,
529 5473 652 5543 protinus
670 5474 817 5547 adjunxit:
837 5476 872 5531 lit
891 5489 976 5533 seruet
989 5495 1091 5550 eaque
1104 5480 1133 5535 r'n
1182 5500 1246 5542 rare
1268 5497 1424 5553 monuerat,
1446 5498 1477 5543 ut
1499 5489 1569 5544 tardi
1591 5491 1676 5546 umus
1697 5488 1932 5560 adloquendum.
1953 5499 1984 5545 et

338 5554 387 5611 ΨΘ
398 5557 497 5628 nuptu
507 5568 579 5617 Μ·
1182 5574 1253 5630 tardi
1269 5576 1303 5631 ad
1316 5575 1402 5643 iram;
1416 5588 1444 5633 et
1458 5578 1627 5649 inpatientia
1641 5590 1669 5635 et
1683 5578 1711 5634 in
1724 5578 1900 5635 tribulatione
1910 5594 1984 5649 prae·

375 5648 445 5716 0⁰5⁰
463 5651 558 5725 &ellit
577 5654 684 5710 “tillet
702 5664 741 5711 etl
761 5657 830 5711 tetii
850 5666 873 5712 tl
896 5674 949 5713 nen
970 5659 1065 5728 iactor.
1088 5660 1132 5714 lie
1184 5665 1269 5721 sentis
1282 5666 1344 5722 ritae
1363 5665 1449 5723 fortes
1465 5668 1550 5723 simus
1566 5670 1600 5725 ad
1617 5669 1803 5725 sustinendum
1818 5678 1919 5724 cuneta
1934 5670 1984 5723 ad·

339 5741 535 5809 commeatum
549 5744 603 5799 uiro
614 5745 791 5799 consideranti
805 5746 905 5801 nultum
919 5748 1063 5802 natiuitatis
1076 5764 1132 5801 suc
1185 5756 1454 5826 venustequeraeu
1465 5757 1983 5831 ddeacbonisoperibusstudearnusad

338 5830 495 5903 imperuim
505 5835 679 5891 considerauit
693 5838 762 5892 eninr
772 5855 799 5893 re
810 5847 834 5893 et
847 5840 922 5905 abiit,
933 5851 957 5895 et
970 5843 1057 5894 rtatim
1067 5840 1133 5894 olli·
1185 5850 1315 5898 aternam
1329 5846 1412 5899 ritant
1426 5849 1579 5917 peruenire,
1592 5860 1737 5918 prestante
1753 5850 1867 5905 Durnium
1884 5859 1984 5907 nostru

339 5927 382 5975 tur
394 5933 433 5978 est
446 5924 532 5995 qualis
549 5924 641 5995 luent.
655 5924 763 5984 Vultum
785 5929 933 5986 natiuitatis
947 5932 1013 5987 dicit
1028 5930 1132 5985 vultum
1186 5932 1250 5989 lesu
1263 5934 1383 6002 Cbristo,
1401 5938 1447 6008 qui
1460 5955 1523 5993 cum
1536 5939 1617 5996 Patre
1636 5949 1663 5995 et
1685 5941 1786 6011 Spiritu
1800 5950 1898 5997 macto
1914 5942 1983 5997 sirit

338 6009 542 6089 remaneque
554 6018 674 6075 noudum
686 6019 720 6076 ad
733 6020 882 6090 perlectum
894 6022 1018 6092 pervenit
1033 6021 1131 6076 rtrum.
1191 6037 1217 6081 et
1229 6038 1321 6097 regnat
1334 6028 1415 6095 Deus,
1425 6046 1474 6100 per
1485 6033 1575 6087 omnia
1587 6034 1684 6088 arcula
1701 6034 1874 6090 saeclorum.
1887 6036 1978 6090 Amen
