4500 6842
303 594 357 652 oio

622 596 652 650 D·
673 594 799 650 {laessi
818 592 927 650 Dauni
944 588 1104 648 auertiue.
1124 587 1279 645 docetis.
1298 588 1441 647 occubit
1460 585 1550 643 PAllS
1568 585 1600 642 ll.

1878 586 1933 644 uio

304 662 421 777 reposita
432 712 475 762 est
489 704 554 761 milti
573 720 671 762 corona
680 703 801 774 justitiae,
813 719 894 774 quam
912 702 978 759 mihi
996 703 1091 758 reddet
1104 709 1127 768 Α
1143 702 1202 771 ιιι).
1216 720 1224 751 ι
1239 699 1334 757 Oleum
1347 701 1494 770 veroquod
1506 700 1638 755 lassorum
1652 698 1773 755 membra
1786 710 1933 766 sustentat,

301 798 393 869 justus
401 797 483 868 judex
490 795 540 868 qn
550 793 616 849 Tim.
630 794 678 867 rr).
694 813 703 846 ι
720 794 754 849 Ει
768 794 793 848 in
809 794 862 849 alio
877 794 936 848 loco
965 792 1092 847 acreden·

305 896 346 939 tes
362 904 368 939 z
385 904 395 937 ι
412 883 543 942 Gaudium
559 899 659 948 meurn,
674 892 700 938 et
711 898 809 937 corona
825 898 883 937 mea
895 881 1004 953 (Philip.
1017 879 1064 952 iv),
1080 898 1089 931 ι

305 977 390 1046 gloria
417 978 486 1030 enim
508 966 613 1043 patrum
634 973 691 1028 dlii.
718 973 752 1027 Et
771 974 798 1028 in
826 972 971 1028 Salomone
997 972 1092 1027 scribi·

306 1077 349 1121 tur
367 1086 373 1121 :
391 1085 399 1116 ι
420 1067 524 1120 Curtius
544 1065 652 1135 glorius,
674 1074 798 1119 senectus
817 1062 907 1134 (Prot.
929 1064 996 1133 xn);
1016 1082 1026 1132 ι
1049 1076 1093 1115 eo-

305 1171 381 1219 rurn,
406 1153 539 1218 videlieet,
555 1153 600 1221 qui
627 1154 819 1207 destruxerunt
837 1168 868 1207 ca
890 1168 949 1222 quaa
970 1149 1093 1221 parvulo·

305 1251 448 1306 retorsum,
465 1250 492 1294 et
511 1251 570 1311 post
592 1250 697 1294 aetutem
721 1243 831 1311 perlecti
845 1242 896 1295 viri
911 1247 1041 1295 venerunt
1059 1239 1093 1293 ad

305 1347 479 1401 senectutem,
504 1348 532 1392 ct
560 1337 592 1391 ad
617 1337 727 1391 Patruini
752 1337 860 1391 nomina
880 1336 977 1405 quibus
1000 1333 1094 1389 scribit

304 1427 421 1484 Joarures
435 1437 496 1497 post
509 1444 607 1497 pueros
621 1437 647 1481 ct
654 1427 779 1497 juvenes,
795 1428 840 1495 qui
856 1434 967 1496 possunt
982 1425 1072 1480 dicere
1084 1440 1092 1476 t

308 1538 316 1570 ι
333 1517 446 1585 Quando
462 1533 536 1571 eram
548 1516 686 1586 parvuluS,
701 1517 830 1585 loquebar
846 1524 874 1569 ut
893 1514 1032 1586 pamnlus,
1045 1528 1094 1567 cu-

306 1608 423 1678 gitabarn
440 1617 468 1659 ut
481 1606 622 1675 parvulus;
635 1609 742 1675 spirando
753 1605 841 1659 lactus
852 1605 965 1668 sumvir,
975 1602 1093 1659 destruxi

305 1713 336 1752 ca
352 1713 411 1766 quat
426 1695 530 1763 parvuli
547 1703 611 1749 sunt
626 1694 650 1766 (l
656 1693 669 1746 l
679 1692 740 1747 Cor.
752 1695 823 1761 ιιιι).
837 1713 846 1745 ι

344 1807 353 1838 ι
369 1788 402 1842 Ει
416 1795 512 1841 ornata
530 1801 637 1858 esaum
648 1796 675 1839 et
690 1794 810 1856 argento.
824 1805 832 1836 r
851 1783 953 1838 Crebro
965 1782 1093 1846 diximus,

306 1895 401 1933 aurum
415 1879 447 1932 ad
461 1887 588 1936 ruentem.
601 1884 740 1946 argentum
755 1875 787 1927 ad
802 1873 936 1941 eloquium
947 1872 1092 1943 pertinere,

308 1970 461 2037 tribuatque
475 1968 551 2022 nubis
566 1967 695 2021 Dominus
710 1973 740 2018 ut
757 1964 876 2018 divinum
900 1976 1007 2016 sensum
1023 1961 1093 2015 acci·

1144 798 1171 843 et
1182 790 1280 855 reiicit,
1294 799 1321 845 ct
1340 797 1382 844 cst
1394 789 1503 845 luminis
1520 790 1726 853 nutrimentum,
1736 796 1764 842 et
1776 803 1830 858 quo
1844 789 1871 844 in
1892 800 1938 845 ta·

1143 878 1288 933 bernaculo
1303 878 1350 933 Dei
1361 877 1425 949 juge
1443 877 1559 932 lucernae
1572 877 1661 931 lunten
1676 876 1843 942 accenditur,
1855 876 1934 934 Patri

1143 970 1243 1024 dieitur
1255 972 1409 1026 convenire.
1426 970 1491 1037 Qus
1510 971 1601 1025 omnia
1621 969 1793 1025 credentibus
1811 970 1936 1026 tribuunt

1143 1064 1275 1134 gratiam,
1301 1064 1407 1118 dicente
1432 1063 1578 1133 Apostol0:
1593 1082 1602 1114 r
1618 1062 1770 1117 Divisiones
1790 1071 1852 1117 suni
1873 1079 1937 1133 gra·

1144 1154 1337 1217 tiarum,'unns
1359 1162 1449 1206 autem
1467 1153 1589 1221 spiritus.
1603 1152 1636 1206 Et
1650 1151 1794 1206 divisiones
1812 1154 1939 1208 ministe-

1144 1241 1257 1305 riorum,
1277 1256 1347 1294 tritus
1361 1248 1452 1295 autern
1476 1241 1615 1304 Dominus,
1630 1250 1658 1296 ct
1673 1241 1820 1295 divisiones
1838 1257 1938 1312 opera·

1145 1332 1257 1395 tiontnn,
1271 1348 1339 1386 uitus
1354 1340 1444 1386 autem
1459 1341 1487 1386 ct
1500 1332 1570 1387 idcm
1583 1333 1654 1386 Deus
1666 1331 1693 1403 (l
1704 1330 1766 1386 Cor.
1780 1333 1840 1405 ιιι).
1857 1352 1867 1386 ι
1884 1333 1938 1403 Qut

1145 1422 1224 1475 talem
1239 1424 1386 1478 comederit
1400 1425 1501 1489 eibum,
1515 1433 1541 1479 et
1558 1425 1610 1479 boe
1621 1424 1778 1499 dulcissimo
1789 1434 1816 1481 ct
1830 1427 1940 1484 suavis·

1144 1512 1213 1566 simo
1227 1528 1306 1581 pane,
1317 1511 1422 1582 oleique
1443 1513 1585 1582 splendore
1596 1512 1714 1583 fulgente
1729 1523 1823 1583 pastus
1841 1514 1937 1582 luerit,

1145 1616 1177 1655 ac
1191 1602 1317 1665 nutritus,
1327 1609 1446 1658 vertetur
1457 1602 1484 1655 in
1495 1601 1618 1656 decorem
1629 1612 1656 1656 ct
1670 1602 1714 1656 Act
1725 1603 1939 1673 pulcherrimus,

1145 1705 1198 1744 uon
1220 1690 1317 1752 semel,
1338 1691 1385 1745 sed
1402 1692 1517 1762 repetito
1536 1692 1631 1755 nimis,
1647 1693 1727 1747 nimis
1744 1712 1750 1747 :
1769 1694 1940 1765 duplicatum

1144 1780 1217 1834 enim
1232 1782 1387 1836 adverbium
1402 1784 1505 1852 pondus
1521 1781 1585 1838 lacit
1597 1785 1744 1849 orationis,
1762 1788 1864 1855 quoad
1880 1786 1942 1858 pul·

1145 1870 1309 1925 cbritudinis
1325 1872 1537 1942 magnitudinem
1553 1874 1613 1927 addi
1628 1874 1696 1929 ultra
1712 1876 1778 1930 nihil
1791 1880 1889 1947 possit.

1184 1960 1241 2014 «Et
1262 1961 1398 2032 proiecisti
1421 1962 1610 2034 biremium.»
1628 1964 1686 2020 lloc
1708 1967 1735 2021 in
1759 1966 1940 2040 Septuaginta

307 2076 370 2130 perc
386 2073 548 2121 mereantur,
564 2055 823 2124 atquesapientium,
840 2052 904 2107 etid
920 2047 1200 2122 quodpertorium
1221 2050 1344 2116 babetur,
1367 2051 1412 2121 qui
1437 2050 1550 2107 iorsitan
1571 2047 1740 2110 Alexandriae
1763 2056 1790 2110 in
1812 2057 1941 2114 Graecurn

308 2149 485 2218 cornipiruus
511 2146 610 2216 eloquii
629 2154 771 2199 venustate
790 2144 922 2215 prolerre,
945 2154 973 2197 et
996 2159 1097 2212 nequa-

307 2257 388 2310 quaru
402 2255 435 2292 cx
447 2238 490 2292 bis
503 2236 593 2291 lacere
608 2236 688 2301 idola,
705 2235 773 2289 sicut
795 2233 897 2287 iaciunt
917 2233 1047 2297 heretici,
1064 2234 1097 2310 de

308 2330 405 2397 quibus
422 2328 627 2396 scriptumest:
641 2345 650 2377 ι
668 2326 733 2381 Dedi
744 2324 783 2379 eis
797 2332 938 2394 argentum
950 2332 978 2378 et
988 2338 1095 2388 aurum,

246 2405 255 2412 ’
309 2418 361 2489 ipsi
374 2433 439 2472 vcro
449 2433 482 2471 cx
494 2424 605 2487 argento
618 2424 646 2470 et
663 2431 729 2469 auro
741 2413 863 2470 lecerunt
875 2415 937 2468 Daal
949 2412 1068 2486 (orent).
1084 2433 1093 2464 ι

308 2510 342 2566 Ει
356 2511 408 2566 hoc
427 2508 599 2580 magisjuvta
615 2508 820 2579 intelligentiam
836 2507 996 2577 spiritalem,
1018 2522 1098 2563 orna·

308 2600 347 2655 tui
368 2608 461 2669 aptum
485 2606 526 2651 cst
549 2596 720 2651 seminarum.
749 2594 875 2665 Alioquin
895 2596 1000 2666 argenti
1019 2595 1098 2649 vilior

309 2689 423 2745 materia
438 2688 599 2743 rusticarum
612 2695 639 2742 ct
651 2701 811 2756 pauperum,
826 2684 1037 2755 ancillarumque
1050 2700 1096 2739 or·

309 2786 454 2844 natusest,
468 2778 513 2848 qui
529 2793 581 2832 non
603 2777 729 2832 convenit
749 2774 908 2840 ierusalem,
926 2789 985 2845 quac
1007 2775 1034 2829 in
1053 2790 1096 2830 re-

308 2869 399 2941 ginam
414 2868 512 2923 dicitur
523 2866 679 2938 proiecisse.

348 2978 356 3008 ι
370 2958 403 3012 Et
414 2958 510 3013 vestita
518 2973 547 3012 es
555 2959 634 3027 bysso
644 2955 806 3027 ctpulymito
814 2964 840 3009 et
851 2953 1072 3009 multicoloribus.
1085 2974 1094 3007 ι

308 3047 404 3105 Omnis
417 3057 507 3104 autem
520 3057 632 3104 ornatus
651 3047 811 3103 describitur
832 3031 993 3100 laminarum
1014 3054 1043 3099 ut
1057 3045 1097 3098 la-

307 3145 397 3203 vetur,
413 3148 442 3192 ut
456 3138 610 3202 mundetur,
627 3143 656 3189 ut
668 3144 784 3205 ungatur
798 3134 865 3197 olco,
881 3143 908 3188 ct
922 3133 1098 3188 discoloribus

309 3230 449 3285 vestiatur.
468 3228 532 3296 Quen
546 3227 636 3282 omnia
651 3227 728 3298 iuxta
748 3226 914 3295 superiorem
930 3224 1099 3293 explanatio-

310 3334 370 3375 nem
395 3316 547 3389 aptabimus
575 3303 760 3386 intelligentia
777 3313 903 3385 spiritali,
929 3322 958 3367 ut
979 3313 1097 3384 byssinis

1148 2154 1298 2194 sermonem
1312 2141 1460 2210 scripturas
1471 2159 1503 2197 ex
1522 2142 1653 2199 llcbraiea
1663 2146 1778 2202 veritate
1789 2157 1942 2215 vertentes,

1149 2232 1298 2286 timuerunt
1312 2232 1363 2287 boc
1377 2233 1476 2297 dicere,
1492 2249 1526 2288 ne
1546 2249 1637 2304 regem
1652 2235 1761 2309 AEgvpti
1780 2238 1945 2294 viderentur

1147 2322 1295 2390 oliendero,
1316 2325 1408 2380 duma
1428 2325 1483 2381 Deo
1505 2323 1654 2382 Jerusalem
1679 2329 1799 2384 debitum
1825 2345 1942 2401 reguum

1146 2426 1206 2467 csse
1220 2424 1472 2476 commemorarent.
1492 2430 1645 2486 quanquam
1657 2418 1758 2474 eruditi
1774 2419 1848 2473 sulus
1862 2421 1945 2489 quin·

1148 2516 1199 2570 quc
1224 2502 1307 2557 libros
1321 2503 1404 2575 lloysi
1420 2505 1454 2558 ab
1471 2505 1510 2559 cis
1526 2505 1718 2575 interpretatos
1732 2509 1860 2577 probent.
1876 2508 1944 2564 Post

1147 2604 1272 2649 ornatum
1287 2610 1350 2668 crgo
1363 2596 1549 2667 multiplicem,
1564 2609 1625 2668 post
1637 2614 1776 2661 coronant,
1797 2610 1861 2668 post
1881 2603 1944 2656 auri

1147 2692 1175 2739 et
1197 2684 1302 2755 argenti
1328 2686 1530 2750 abrrndantiam,
1553 2696 1614 2756 post
1631 2688 1788 2743 indumenta
1805 2689 1944 2761 palliaque

1147 2775 1339 2846 pulcherrima,
1352 2783 1412 2845 post
1427 2775 1551 2832 decorem
1569 2778 1766 2844 incredibilem,
1781 2779 1893 2849 proficit
1913 2780 1942 2835 iu

1149 2868 1280 2937 reginam,
1296 2868 1359 2937 quia
1372 2867 1468 2924 civitas
1481 2877 1524 2924 cst
1546 2869 1634 2940 magni
1649 2870 1730 2941 regis.
1747 2872 1852 2940 Deque
1870 2872 1942 2926 scri-

1149 2967 1225 3029 ptum
1237 2966 1279 3013 est
1288 2975 1315 3011 :r
1330 2958 1411 3023 Deus,
1420 2958 1550 3030 judicium
1562 2967 1637 3015 tuum
1649 2960 1705 3029 regi
1716 2960 1796 3023 da,et
1805 2961 1944 3029 justitium

1150 3058 1223 3103 tuam
1251 3047 1305 3103 idio
1340 3049 1413 3120 regis
1434 3047 1622 3123 (Prummu).
1641 3070 1651 3104 ι
1669 3051 1702 3106 Et
1726 3052 1753 3104 in
1778 3049 1945 3123 Apocalypsi

1149 3136 1261 3193 tirannis
1275 3156 1282 3193 ε
1298 3158 1307 3190 ι
1323 3138 1504 3206 llicrusalem,
1524 3141 1601 3210 quasi
1625 3156 1723 3211 sponsa
1744 3151 1843 3196 ornata
1858 3150 1943 3212 atquo

1149 3228 1298 3298 composita
1325 3230 1487 3284 describitur
1515 3230 1574 3285 viro
1598 3246 1647 3285 suu
1669 3230 1761 3301 (Aper.
1786 3231 1883 3301 xxti.»
1913 3229 1943 3286 lu

1150 3318 1262 3386 psalmis
1276 3334 1384 3388 quoque
1403 3318 1436 3373 dc
1453 3320 1547 3374 cadem
1560 3320 1660 3375 dicitur
1674 3339 1680 3373 :
1696 3339 1705 3371 ι
1721 3321 1834 3376 Adstitit
1845 3321 1943 3392 regina

309 3407 447 3480 operiatur
458 3414 538 3477 atque
549 3404 703 3469 subtilibus,
714 3419 748 3459 ne
759 3404 873 3460 delicata
884 3403 1005 3474 conjugis
1019 3418 1101 3457 ntem·
1113 3393 1135 3455 C
1152 3422 1173 3488 a·
1187 3408 1288 3462 dextris
1300 3410 1361 3487 ruis.
1372 3410 1399 3464 in
1414 3411 1512 3466 vestitu
1525 3412 1654 3467 deaurato
1669 3412 1839 3467 circumdata
1852 3413 1942 3467 rar-ie-

310 3498 360 3554 bra
379 3496 454 3568 gravi
480 3495 623 3566 palliorum
647 3509 729 3549 onere
754 3502 956 3564 praegravcntur
979 3512 985 3548 :
1005 3492 1053 3549 sed
1074 3501 1102 3548 et
1151 3506 1207 3553 tate
1229 3497 1443 3572 (Ριι1.ιιιι).ι
1464 3500 1550 3558 Omne
1572 3510 1662 3558 autem
1682 3504 1754 3574 quod
1773 3504 1890 3559 dicimus
1910 3504 1943 3560 du

311 3603 388 3643 usum
402 3586 505 3657 pariter
519 3585 666 3640 exhibeant
679 3584 853 3639 dedecorem.
1150 3588 1310 3655 Jerusalem,
1332 3606 1366 3646 ne
1388 3592 1416 3646 in
1437 3592 1551 3663 singulis
1571 3594 1740 3659 haereamus,
1760 3602 1790 3648 et
1811 3593 1941 3649 librorum

350 3676 498 3733 «Similem
520 3684 548 3731 ct
571 3675 666 3730 molet
685 3674 774 3729 oleum
789 3673 941 3739 comedisti,
958 3682 984 3728 et
1003 3674 1100 3728 decora
1151 3679 1306 3749 magnitudo
1320 3682 1426 3736 tertium
1443 3682 1593 3753 legentibus
1616 3682 1709 3749 iaciat,
1733 3684 1887 3740 referamus
1908 3684 1941 3740 atl

286 3817 290 3822 .
310 3769 382 3826 lacta
393 3784 423 3825 es
435 3769 609 3823 veliementer
621 3766 711 3822 nimis.
728 3785 737 3817 ι
755 3764 820 3820 Post
834 3766 968 3824 vestitum,
981 3766 1101 3819 ciborum
1150 3768 1302 3823 ecclesiam.
1320 3769 1348 3824 Si
1370 3771 1441 3825 eninr
1455 3770 1602 3827 Jerusalem
1621 3772 1700 3843 juxta
1711 3774 1872 3844 Apostolum
1886 3791 1940 3831 rua·

309 3874 403 3918 curam
426 3858 514 3928 gerit,
546 3866 575 3911 ut
604 3856 727 3912 conrodat
743 3852 903 3910 ierusalem
932 3854 1047 3911 similam
1074 3864 1102 3910 et
1151 3867 1192 3912 ter
1217 3868 1309 3914 nostra
1333 3868 1385 3926 cst,
1413 3869 1500 3917 mater
1520 3871 1610 3917 autem
1636 3874 1728 3919 nostra
1752 3864 1872 3921 ccclesia
1889 3874 1937 3929 est,

310 3947 363 4004 mel
376 3956 404 4003 ct
414 3947 501 4003 oleum
516 3966 522 4000 :
535 3946 578 4002 rel
598 3961 646 4017 per
665 3954 758 4015 partes
769 3952 800 3998 ut
812 3943 933 4014 plerique
955 3945 1100 4010 estimant,
1149 3959 1346 4018 consequenter
1372 3948 1521 4007 Jerusalem
1545 3953 1660 4009 ecelesia
1682 3965 1744 4018 est,
1770 3964 1858 4011 mater
1886 3957 1937 4027 pri-

309 4040 352 4096 rel
366 4038 554 4094 commistione
566 4038 649 4092 trium
669 4036 817 4091 dulciorem
835 4051 942 4106 panem,
959 4034 1004 4105 qui
1024 4035 1102 4103 panis
1150 4038 1315 4103 uritivorum,
1335 4040 1380 4108 qui
1395 4040 1521 4110 descripti
1533 4051 1595 4098 sunt
1610 4045 1637 4097 in
1651 4044 1737 4099 ecelis.

310 4127 344 4183 de
354 4128 424 4184 coelo
434 4128 581 4192 descendit,
596 4142 628 4182 ac
639 4126 689 4181 sub
704 4125 790 4182 tribus
804 4125 978 4181 nontinibus:
994 4133 1023 4180 ut
1034 4140 1102 4179 tton-
1182 4149 1191 4180 ι
1211 4131 1243 4185 Ει
1257 4146 1394 4202 egressum
1410 4141 1452 4187 est
1469 4149 1566 4191 ticinen
1581 4144 1655 4194 tuum
1672 4137 1701 4196 in
1722 4148 1818 4213 gersus
1832 4155 1935 4215 propter

310 4218 375 4274 nulli
390 4226 503 4288 putant,
527 4227 730 4273 sacramentum
744 4217 846 4275 indicnt
865 4217 1015 4274 Trinitatis.
1043 4216 1101 4275 Nou
1153 4242 1162 4276 ι
1185 4224 1303 4297 speciem
1318 4233 1411 4282 tuum:
1427 4228 1494 4297 Qriin
1508 4230 1627 4300 perlecta
1640 4249 1704 4288 cras
1716 4235 1743 4288 in
1760 4236 1931 4300 decoremeo,

311 4325 365 4381 quo
379 4310 433 4364 alia
453 4318 534 4379 atquc
550 4310 601 4364 alia
616 4311 764 4368 substantia
787 4313 831 4379 sit,
849 4313 896 4368 sed
918 4328 972 4383 quo
987 4313 1101 4369 diversis
1154 4336 1163 4370 ι
1185 4334 1264 4388 quent
1287 4320 1364 4388 posui
1389 4329 1519 4397 superte,
1540 4322 1608 4377 dicit
1630 4322 1762 4377 Dominus
1778 4324 1859 4396 Deus.
1875 4343 1886 4377 ι
1904 4322 1932 4378 Et

311 4398 408 4456 tlmllae
422 4408 451 4455 0⁸
464 4399 562 4466 mellis·
574 4408 601 4455 ⁰¹
621 4400 673 4454 01θὶ
693 4402 857 4467 immitibus,
871 4402 971 4468 Petris,
986 4413 1013 4458 θῑ
1027 4404 1098 4469 Filii,
1150 4420 1193 4465 est
1202 4427 1298 4467 sensus
1308 4431 1313 4465 :
1324 4410 1465 4467 Beneficiis
1477 4414 1553 4477 meis,
1567 4430 1680 4485 meaque
1693 4414 1846 4472 incredibili
1860 4415 1931 4488 larri-

310 4500 339 4546 et
351 4487 469 4561 Spiritus
490 4491 653 4554 sanctium
676 4490 789 4547 dulcedo
804 4502 979 4546 monstretur.
1001 4494 1034 4547 Et
1049 4495 1101 4549 buo
1151 4510 1206 4557 tato
1228 4502 1261 4557 ad
1285 4503 1384 4572 regine
1398 4503 1559 4559 vocabulum
1582 4506 1743 4575 pervenisti,
1761 4508 1800 4562 ita
1817 4506 1891 4581 uide
1909 4515 1928 4560 tt

312 4580 590 4645 animadvertendum,
605 4581 675 4651 quoti
687 4580 714 4635 in
727 4580 819 4636 mullis
834 4582 984 4646 sacrificiis,
1000 4581 1098 4636 ollcrtt-
1150 4592 1272 4646 omnium
1285 4592 1404 4662 gentium
1418 4607 1507 4647 sermo
1515 4592 1679 4663 loqueretur,
1691 4602 1720 4649 et
1733 4609 1810 4653 esses
1821 4611 1872 4652 non
1886 4595 1927 4650 uris

267 4731 270 4737 .
311 4680 356 4728 tur
366 4671 464 4737 simila,
479 4671 507 4726 id
518 4678 570 4737 ⁰⁵12
583 4670 698 4726 medulla
712 4669 838 4726 1111111111
854 4682 934 4742 ἃ111110
944 4674 1099 4742 purissima,
1153 4682 1256 4737 meritis
1269 4691 1349 4752 atquc
1362 4682 1516 4748 virtutibus,
1535 4685 1583 4739 sed
1599 4700 1659 4739 mea
1672 4685 1836 4742 liberalitate
1853 4685 1925 4757 perle

312 4761 346 4819 de
359 4779 412 4835 qua
425 4763 557 4832 scriptum
569 4770 628 4817 cst:
644 4780 653 4813 ι
672 4761 704 4815 Ει
719 4762 752 4817 dc
762 4763 840 4830 adipe
851 4760 977 4817 lrttmcutl
992 4764 1101 4818 satiavit
1115 4741 1140 4799 D
1152 4780 1205 4828 cta,
1228 4791 1237 4823 r
1261 4771 1318 4828 Nisi
1339 4773 1411 4828 enim
1435 4772 1564 4830 Dorninus
1581 4775 1758 4832 aetlillcui'erii
1775 4778 1891 4841 domm,
1905 4776 1923 4829 iu

311 4867 358 4909 eus
370 4851 456 4924 (Paul.
469 4852 562 4923 ιιιι),
581 4872 590 4903 ι
608 4868 660 4906 non
680 4853 713 4907 de
729 4854 830 4907 bor'deo
844 4869 931 4922 neque
948 4854 981 4908 de
1002 4856 1100 4922 farina,
1152 4877 1251 4917 vanum
1272 4863 1464 4918 laboraverunt
1474 4866 1520 4934 qui
1535 4865 1669 4921 :edificant
1685 4882 1758 4921 eam.
1774 4868 1831 4923 Nisi
1850 4864 1922 4921 Denti-

312 4957 373 5016 quae
386 4950 449 4997 tune
471 4942 557 4997 wluin
574 4941 698 5008 ⁰ff⁰tl¹¹t2
711 4944 821 5013 quando
833 4945 948 5000 maritus
962 4946 1101 5017 zelotypiae
1152 4970 1203 5008 nus
1217 4953 1375 5008 custodierit
1390 4955 1538 5021 civitatem,
1553 4954 1654 5011 frustra
1665 4939 1780 5029 vigilant
1790 4961 1835 5030 qui
1849 4966 1921 5014 custo

313 5033 409 5103 spiritu
420 5042 613 5088 commovetur.
626 5034 654 5088 ln
668 5034 791 5091 iudicum
804 5037 938 5093 volumine
949 5039 1100 5094 Debboram
1152 5044 1230 5098 diunt
1241 5057 1300 5097 cant
1313 5042 1399 5113 (Paul.
1414 5043 1515 5116 cxxvi).
1533 5064 1543 5095 ι
1560 5046 1611 5113 Qui
1627 5047 1732 5118 plantat
1751 5049 1835 5113 enirn,
1852 5057 1878 5103 et
1888 5042 1919 5115 qli

313 5123 442 5194 legonus,
461 5139 520 5193 quse
542 5124 736 5194 interpretatur
755 5128 823 5197 apis,
849 5129 926 5200 cujus
950 5128 1101 5198 Proplretire
1153 5134 1234 5205 rigat,
1249 5133 1315 5188 nibil
1329 5142 1381 5198 cst,
1396 5135 1447 5188 nisi
1466 5134 1596 5191 Dominus
1607 5138 1710 5192 dederit
1724 5140 1919 5196 incrementum:

313 5214 390 5269 mella
407 5212 562 5269 dulcissima
577 5224 649 5278 sunt,
664 5226 689 5271 ct
706 5216 822 5272 relcrtur
837 5219 870 5272 ad
890 5216 1019 5288 Spiritum
1037 5236 1100 5274 satr-
1151 5225 1214 5294 quia
1236 5241 1246 5275 ι
1261 5238 1314 5277 non
1334 5232 1376 5278 cst
1391 5223 1505 5279 volentis
1520 5239 1607 5295 neque
1626 5228 1773 5293 currentis,
1796 5229 1842 5283 scd
1856 5227 1919 5282 mie·

312 5316 398 5369 ctum,
409 5303 454 5374 qui
468 5303 536 5375 apud
550 5304 675 5361 llebrecos
690 5307 838 5377 appellatur
855 5323 953 5379 genere
971 5310 1099 5365 feminino
1153 5312 1236 5368 rentis
1254 5313 1302 5368 Dei
1322 5310 1408 5385 (Rom.
1424 5315 1473 5385 ιι).
1497 5334 1507 5368 ι
1527 5315 1562 5370 llt
1576 5325 1718 5387 postquam
1735 5320 1826 5375 omnia
1846 5311 1920 5373 loett'e

314 5411 373 5461 rito,
386 5396 412 5449 in
427 5394 571 5464 Evangelio
585 5411 692 5468 qnoque
709 5397 882 5454 Hebraeorum
896 5400 967 5470 quod
979 5402 1100 5457 lectitant
1154 5405 1354 5470 mus,dicamus
1366 5423 1373 5459 ε
1386 5425 1395 5457 ι
1410 5404 1488 5462 Servi
1499 5407 1608 5463 inutiles
1615 5423 1720 5474 sumus,
1729 5426 1792 5481 quae
1802 5409 1921 5467 debuimus

314 5485 444 5550 llazaraei,
461 5482 585 5540 Salvator
596 5487 730 5541 inducitur
742 5488 854 5558 loquens
867 5508 896 5543 :r
913 5491 991 5546 blodo
1004 5508 1047 5548 me
1057 5508 1101 5547 ar·
1154 5495 1243 5551 iacere
1264 5495 1377 5552 lecimus
1389 5495 1465 5567 (luc.
1481 5497 1558 5570 ιιιι).
1577 5518 1587 5550 ι
1604 5498 1663 5554 Nun
1673 5515 1729 5570 quo
1742 5516 1776 5556 ex
1795 5499 1921 5556 barrum

313 5578 555 5654 ripuitmatermea
565 5575 682 5647 Spiritus
690 5589 808 5635 sanctus.
821 5601 830 5632 ι
841 5580 925 5637 Porro
934 5583 1094 5655 simila,qua
1154 5588 1190 5641 tia
1204 5586 1252 5641 Dei
1276 5586 1391 5642 liberum
1410 5588 1512 5643 bomini
1527 5588 1636 5643 tollatur
1653 5592 1811 5658 arbitrium,
1827 5589 1922 5656 scdutt

314 5668 346 5725 de
356 5667 492 5724 frumento
507 5666 658 5733 coniicitur,
669 5668 784 5724 refertur
797 5672 830 5725 ad
842 5671 996 5738 Dominum,
1008 5674 1054 5743 qui
1066 5675 1099 5729 de
1153 5678 1210 5749 ipsa
1222 5679 1332 5734 libertas
1346 5677 1488 5733 Dominum
1503 5681 1602 5736 habere
1615 5682 1713 5738 debeat
1730 5685 1887 5753 adjutorem

313 5761 458 5846 sontetipso
470 5762 528 5816 ait:
546 5779 555 5811 ι
571 5759 628 5815 Nisi
647 5777 760 5833 granum
778 5763 860 5817 tritici
872 5764 1015 5831 ceciderit,
1030 5766 1098 5821 etin
1190 5788 1200 5820 ι
1217 5769 1251 5823 Et
1266 5768 1368 5825 babens
1389 5770 1516 5825 Aduciam
1533 5770 1561 5825 in
1573 5772 1778 5841 pulchritudine
1791 5783 1846 5839 tua,
1860 5764 1923 5827 toni

315 5859 387 5905 terra
405 5860 540 5906 mortuum
564 5849 655 5918 luerit,
672 5850 758 5921 ipsum
776 5853 863 5907 solunt
885 5862 986 5910 manet.
1002 5854 1031 5910 Si
1047 5870 1097 5910 au·
1154 5878 1164 5911 ι
1187 5842 1248 5913 cata
1263 5874 1293 5914 es
1316 5859 1343 5913 in
1368 5860 1477 5914 nomine
1495 5868 1553 5927 tuo,
1574 5869 1602 5916 et
1615 5864 1765 5931 exposuisti
1786 5858 1924 5921 consede·

317 5949 369 5996 ιιιιι
382 5951 517 5999 utortuum
536 5939 628 6008 luerit,
643 5941 756 5997 multum
773 5943 891 6001 fructum
913 5945 991 6003 alleri
1005 5945 1097 6019 (loun.
1154 5968 1164 6002 r
1186 5965 1247 6006 nem
1265 5958 1337 6006 tuam
1352 5952 1425 6007 omni
1446 5954 1608 6021 transeunti,
1624 5964 1654 6009 ut
1675 5954 1735 6024 ejus
1753 5955 1844 6024 fleres,
1862 5959 1916 6010 rete
