4500 6842
591 609 768 690 collaesi.
790 617 822 687 in
844 605 1069 688 czneute't'nn.
1086 649 1125 673 -
1140 617 1208 688 'nn
1227 619 1261 687 r.
1698 625 1751 688 aas

234 752 335 823 equod
352 757 559 821 persequuntur,
569 750 637 802 lncrua
654 748 831 818 puellamves
844 746 943 806 tirsi-t
959 745 1039 816 (ioan
1053 747 1103 816 utri.
1127 768 1135 800 t
1160 747 1191 802 Et
1211 749 1237 802 in
1258 763 1287 804 se
1312 749 1355 801 int·-
1368 748 1441 808 iliaci
1465 751 1529 804 illul
1555 766 1613 805 csse
1635 756 1748 824 eairrrpio·

237 847 311 903 mala
330 853 420 900 antem
443 850 573 898 carentes
593 841 855 913 perscrutationum
880 849 909 894 nt
964 848 1035 891 term:
1053 837 1122 906 «Qui
1134 839 1380 904 inebrietur,norte
1393 840 1542 896 laceratur
1554 839 1579 912 (l
1589 841 1748 915 lineari.»

234 939 379 996 adeuntes
390 939 516 996 exorant,
533 949 596 1005 erga
609 933 769 988 comittissae
780 933 829 987 sini
844 948 911 987 uon
961 929 1037 996 enon
1047 927 1123 998 irrata
1137 930 1254 985 litteram
1269 941 1341 986 stane
1363 947 1416 987 uun
1438 942 1535 1003 potest.
1558 933 1655 1002 Quanti
1678 935 1750 991 enim

234 1027 443 1096 mmrrcptione
456 1023 610 1089 ferrumne
623 1024 645 1078 si
661 1023 807 1078 unlluseos
819 1022 910 1078 icrror
961 1017 987 1071 in
1004 1019 1124 1087 prandiis
1147 1019 1332 1090 conviviisque
1357 1021 1461 1077 ‹lierom
1490 1022 1677 1079 tueletauuut
1704 1025 1751 1081 sed

234 1121 259 1176 ἰῑ,
269 1119 353 1175 valete
363 1117 436 1171 euim
452 1123 585 1177 mennnu,
595 1127 628 1169 ne
639 1113 836 1183 siapraroriun
850 1128 911 1168 cor·
961 1107 1023 1177 qttia
1038 1109 1156 1164 ebrietas
1169 1110 1258 1165 cortils
1269 1109 1406 1167 ellenricus
1418 1113 1501 1168 mum
1515 1116 1686 1169 terreltrarum
1699 1123 1751 1180 est,

234 1225 243 1266 a
267 1204 445 1265 cessaverint,
474 1204 525 1273 ipsi
548 1216 598 1274 pro
621 1217 715 1258 eouun
739 1201 910 1256 damnatione
961 1207 988 1253 ct
1001 1215 1052 1254 non
1070 1199 1148 1264 lueis,
1165 1210 1308 1271 propterea
1325 1203 1478 1273 qnirmnque
1492 1204 1656 1270 incia-intur,
1674 1213 1753 1262 nocte

234 1316 275 1355 nr.
292 1297 325 1354 lii
339 1296 447 1352 eumad
462 1295 543 1349 rann
567 1309 596 1349 se
620 1269 779 1348 invectionis
804 1291 911 1345 iniiam·
962 1291 1122 1347 inebriatur.
1138 1291 1205 1347 Cum
1217 1302 1307 1348 autem
1320 1294 1440 1349 seniores
1455 1295 1551 1350 domus
1568 1293 1657 1351 ¹lsrael
1681 1294 1753 1352 iccc-

234 1389 413 1459 trlthuitlem
426 1389 459 1441 ad
474 1387 531 1441 irae
545 1386 665 1448 veniunt,
677 1383 723 1438 scd
740 1393 829 1439 minen
841 1384 911 1438 lianc
962 1390 1025 1436 runt
1040 1382 1111 1437 mala
1127 1383 1153 1437 in
1167 1383 1287 1439 tencltris
1302 1392 1329 1439 et
1350 1384 1377 1438 in
1392 1386 1549 1442 aliscontlito
1566 1387 1751 1442 errlticulornm

234 1478 605 1549 nemsiltiapuddistrictum
618 1475 909 1545 judicemprecparant.
962 1486 1083 1536 sutirum,
1108 1481 1137 1528 ct
1154 1476 1310 1544 putaverint
1321 1492 1350 1532 se
1368 1476 1452 1532 licum
1472 1479 1562 1533 celare
1586 1488 1753 1548 possemne

237 1573 409 1647 septuaginta
426 1571 479 1625 riri
493 1569 525 1624 de
541 1568 692 1624 scuiorilms
707 1567 803 1621 domus
816 1564 910 1629 lsrael,
962 1571 1160 1632 consequenter
1172 1565 1263 1621 dicent
1278 1585 1284 1620 :
1299 1565 1356 1622 lion
1372 1569 1443 1622 viriet
1455 1569 1584 1644 Dorrrinns
1596 1587 1645 1626 nos
1658 1588 1664 1626 :
1678 1573 1754 1627 alcre-

234 1665 317 1724 antas
340 1665 448 1735 Sapliau
463 1661 533 1716 itlius
550 1659 682 1714 stalmtln
705 1657 794 1712 untedio
815 1671 911 1711 eorum
963 1651 1041 1721 liquit
1057 1653 1186 1710 llominos
1200 1658 1524 1729 terramllultiqucsont
1547 1671 1703 1732 perecutores
1727 1675 1754 1718 ct

234 1761 284 1813 ium
311 1765 375 1810 ante
390 1753 525 1825 picturas,
544 1756 572 1804 ‘et
592 1749 777 1819 unnsquisque
795 1747 911 1804 habebat
963 1745 1223 1819 anibulantesjuxta
1243 1752 1420 1823 cogitationes
1435 1768 1513 1817 snas,
1531 1755 1575 1824 qai
1598 1754 1680 1810 lirarnn
1702 1770 1754 1812 nou

234 1847 321 1904 iulum
334 1846 360 1901 in
373 1859 453 1900 mann
465 1845 654 1912 sna,ctrapor
667 1841 773 1895 nebulae
785 1839 818 1894 de
832 1838 912 1895 thure
962 1835 1099 1890 estimant
1111 1851 1208 1894 curare
1223 1839 1363 1906 mortalia,
1378 1858 1429 1897 nec
1444 1843 1476 1897 ad
1492 1844 1565 1897 illum
1586 1855 1676 1899 trustra
1692 1846 1753 1901 ritia

234 1935 343 2011 rigabas.
364 1956 373 1988 a
390 1933 525 2008 ilileron.)
541 1932 655 1999 Quando
669 1931 735 1986 dicit
743 1930 910 2001 septuaginta
964 1924 1205 1993 pertinere'iierte
1223 1930 1331 2000 qnerulo
1350 1941 1509 2002 peccamus,
1527 1933 1553 1987 si
1574 1935 1755 2006 cogitaremus

234 2026 341 2084 tmsede
355 2024 508 2081 seniorilms
531 2024 628 2077 alcimus
650 2022 742 2087 lsrael,
765 2023 810 2092 qui
835 2031 910 2077 tene-
966 2015 1047 2070 ileum
1063 2017 1154 2074 cillere
1174 2027 1201 2074 et
1215 2035 1274 2076 esse
1287 2031 1461 2092 presentem,
1479 2037 1615 2093 rrtrrrqnam
1637 2028 1753 2096 quolei

234 2119 332 2176 ambula
344 2118 477 2183 maurilius,
486 2116 710 2172 osternlitnmltos
719 2115 819 2171 etalios
830 2115 913 2170 luisse
930 2093 951 2151 Β
966 2108 1090 2179 displicet
1097 2110 1256 2168 laceremus.
1265 2113 1350 2169 l‘orro
1361 2116 1574 2185 quorlscqnitm·:
1587 2135 1595 2166 r
1607 2115 1754 2188 dereliquit

234 2211 294 2270 ppo,
311 2213 357 2283 quq
371 2213 422 2267 poe
436 2227 489 2266 „011
505 2210 651 2276 perquam,
660 2211 707 2265 seq
724 2208 836 2265 possem„
852 2213 913 2280 ppo.
967 2200 1096 2259 llomirms
1108 2213 1239 2270 terrane»
1253 2206 1431 2275 quorumdam
1443 2209 1524 2261 ctiam
1536 2208 1755 2279 pitilosoplrornm

233 2303 268 2358 itu
287 2300 457 2356 tenebantur.
483 2300 624 2368 Bonnaque
644 2300 752 2355 noniiue
775 2298 913 2354 jezoniam
965 2291 1099 2345 sententia
1113 2299 1169 2356 est,
1184 2294 1229 2363 qni
1241 2310 1272 2348 en·
1287 2295 1404 2350 sidcimu
1419 2309 1500 2351 ertrso
1513 2306 1593 2365 atque
1604 2300 1756 2354 constantia

234 2391 330 2461 iaplran
341 2391 454 2445 'stetisse
468 2392 494 2443 ln
506 2389 593 2443 nanum
609 2404 702 2443 corium
718 2391 794 2459 qnasi
816 2390 914 2460 prinei·
966 2382 1138 2451 suspicantur
1153 2395 1212 2440 esse
1229 2385 1256 2438 in
1270 2386 1425 2441 caelestibus
1440 2388 1635 2456 prouidentiam
1656 2398 1684 2445 et
1703 2397 1757 2445 ter-

234 2483 305 2538 elcris
318 2498 411 2537 eorrrm
420 2483 504 2552 'atqlm
517 2482 665 2553 sacrilegii,
678 2483 722 2552 qni
734 2483 832 2536 omissa
845 2481 914 2536 ϊριῑ.
967 2484 1031 2525 rcna
1042 2480 1226 2539 contemnere,
1238 2475 1300 2529 alum
1314 2474 1380 2530 uilril
1394 2485 1476 2544 recte,
1489 2491 1538 2533 nec
1547 2476 1623 2548 jrrxta
1635 2480 1756 2536 oreliumu

234 2575 268 2636 ei,
281 2574 351 2630 idola
364 2573 497 2637 coiciunt,
510 2583 536 2627 et
548 2574 574 2627 in
591 2573 690 2642 templo
701 2587 755 2628 non
767 2573 916 2628 adorabant
968 2563 993 2615 in
1009 2564 1212 2636 ¹⁰¹'i558illiliffi

234 2661 366 2736 adnuerat
377 2655 916 2735 tertrplnm,scripicturasparietum,piet.
1005 2675 1013 2705 a
1036 2655 1070 2709 Et
1083 2656 1151 2711 dixit
1164 2657 1198 2711 ad
1214 2671 1257 2712 me
1274 2675 1280 2711 :
1297 2657 1392 2714 Adhuc
1404 2674 1553 2715 conversus
1577 2660 1679 2717 ridebis
1700 2679 1757 2716 rita-

234 2755 351 2812 adicilur
369 2773 375 2809 :
397 2774 406 2806 a
423 2755 519 2809 Stabat
531 2753 656 2809 ieiunius
675 2753 745 2810 itlius
760 2752 881 2825 Saplran,
904 2774 912 2805 ι
970 2765 978 2794 ⁴
996 2745 1071 2812 iores
1084 2745 1307 2816 abominationes,
1322 2766 1389 2821 quas
1402 2750 1444 2805 isti
1458 2751 1569 2806 larium.
1585 2751 1618 2807 Et
1633 2754 1757 2809 introdu-

242 2847 340 2920 3mlicii
358 2867 367 2898 a
382 2856 411 2902 et
426 2845 659 2901 condemnationis
673 2860 739 2910 sutae,
754 2847 763 2898 'r
784 2845 811 2900 iu
825 2845 916 2901 merliu
971 2858 979 2889 a
1001 2839 1040 2894 ait
1053 2854 1096 2895 me
1113 2854 1163 2910 per
1176 2842 1275 2896 ostium
1293 2852 1378 2913 portae
1390 2844 1486 2898 domus
1501 2845 1617 2910 lluruiui,
1630 2847 1701 2915 qumi
1719 2863 1760 2901 re-

234 2953 252 2994 u
271 2941 508 3010 presbyterorum,
528 2956 537 2987 a
554 2936 616 3006 qnia
633 2946 660 2990 ct
675 2935 822 3006 princeps,
844 2945 872 2991 et
889 2936 916 2991 ni
971 2950 980 2981 a
1003 2931 1179 3002 spiciebatad
1191 2933 1356 3004 aquilonem,
1369 2945 1397 2991 et
1408 2951 1472 2992 ecce
1487 2937 1616 2994 numeres
1630 2939 1760 2996 sedebam

234 3049 237 3084 q
260 3028 385 3101 princeps
403 3025 563 3090 ppffiflppqw
584 3026 614 3080 in
637 3025 784 3081 sceleribus
806 3027 916 3082 stabant
970 3039 979 3070 l
1002 3021 1160 3092 plangenies
1173 3022 1333 3079 Adonitletn.
1349 3043 1358 3078 i
1374 3026 1458 3092 Qlliiln
1474 3042 1523 3082 nos
1537 3028 1705 3099 irrieepeelali
1718 3046 1761 3084 Sil·

242 3137 295 3180 Μ
322 3120 540 3177 praemonenti„
565 3118 708 3184 molosson
731 3120 918 3175 eonrmeisffi'ma
969 3127 1029 3167 mus
1043 3112 1204 3180 adonidem,
1220 3113 1349 3173 lleltroeus
1372 3127 1400 3173 et
1426 3117 1512 3190 Syrus
1541 3135 1630 3177 sermo
1654 3122 1761 3176 liniamur

234 3211 465 3282 ,panquponquq
476 3207 580 3265 nebulae
592 3217 618 3265 οι
631 3209 799 3265 contusionis
814 3227 847 3265 ,nc
860 3219 917 3265 rur.
968 3207 1077 3259 r'ueaut.
1093 3203 1169 3263 euos
1179 3208 1242 3277 quia
1252 3208 1329 3279 justa
1345 3210 1473 3282 gentilem
1487 3210 1604 3268 ranulam
1618 3213 1646 3268 in
1667 3229 1761 3270 mense

234 3303 431 3374 imrrgclmtex
448 3301 863 3372 tiuareoilereutiumsacrilegia
874 3303 918 3357 dc·
967 3293 1320 3367 tirranarna'stnsl’eneris,
1335 3309 1361 3355 et
1375 3302 1575 3373 pulcherrimus
1586 3304 1695 3374 irruentis
1711 3322 1756 3362 oc·

234 3381 302 3454 inni.
318 3397 376 3452 iloc
388 3396 489 3451 iactum
503 3396 539 3450 sit
551 3410 584 3450 co
599 3404 721 3464 tempore
741 3395 818 3465 jarria
843 3395 916 3451 litte-
967 3388 1051 3456 elsua,
1067 3397 1095 3446 ei
1108 3391 1236 3463 deinceps
1259 3393 1390 3449 revisisse
1412 3405 1548 3462 enarratur,
1566 3397 1689 3466 errpden
1715 3399 1761 3453 lu-

234 3499 353 3555 tterum,
366 3498 395 3545 et
409 3489 487 3544 euobis
507 3488 715 3552 onerarium-est,
740 3505 774 3544 ue
795 3454 952 3545 senioresC
969 3482 1043 3537 nittm
1059 3497 1179 3539 mensem
1203 3486 1296 3540 eudem
1320 3486 1455 3556 appellant
1481 3488 1607 3554 nomine,
1635 3499 1662 3543 et
1683 3492 1761 3543 sarriri·

234 3581 511 3651 'sneisaneuaumn
523 3580 733 3651 manuumque
744 3589 784 3635 cu
796 3591 917 3647 sancus,
970 3574 1117 3628 versutam
1132 3574 1156 3629 ei
1175 3575 1313 3630 aetenum
1336 3576 1546 3658 sciscitaturam,
1561 3579 1588 3632 tn
1609 3595 1661 3649 qun
1686 3581 1761 3649 pau

234 3679 286 3728 lem
297 3671 413 3728 decades
424 3671 646 3740 multiplicantes,
658 3678 732 3726 stent
743 3671 769 3725 iu
781 3671 919 3726 erroribus
969 3665 1041 3734 giiii?
1057 3657 1241 3721 emiffiellbus
1256 3667 1334 3736 quasi
1348 3675 1488 3735 ¹¹¹⁰sl¹¹1182
1500 3677 1528 3723 0¹
1544 3679 1637 3739 iffiiee
1650 3672 1761 3727 revilis-

234 3763 350 3820 adorent
360 3763 480 3832 picturas
491 3762 635 3826 idolorum,
644 3777 782 3832 vaporque
794 3761 918 3833 sacrilegi
970 3770 1034 3813 ecus
1052 3756 1162 3812 canitur
1175 3766 1255 3827 atque
1265 3757 1399 3812 laudatur.
1411 3757 1672 3832 consequenterque
1686 3772 1759 3834 post-

234 3863 254 3910 u
262 3853 320 3910 sire
330 3862 478 3925 eorrsorgat
486 3854 686 3909 resistenslleo.
695 3853 807 3921 Quando
817 3853 918 3908 ritlcri-
969 3862 1049 3915 apmm
1060 3846 1195 3918 principes
1204 3856 1230 3902 ct
1240 3848 1361 3904 seniores
1372 3849 1468 3905 donnus
1481 3849 1562 3906 lsrael
1573 3853 1638 3921 quid
1646 3851 1760 3908 iecerint

234 3947 454 4015 bemppssimnm
466 3957 668 4016 congregatam,
680 3947 713 4001 de
725 3961 776 4016 quq
787 3947 918 4016 scriptum
970 3937 996 3989 in
1012 3935 1112 4007 letnplo
1130 3952 1163 3991 ac
1182 3936 1302 3993 [enebris
1312 3937 1496 4009 cubiculisque
1507 3949 1686 3995 monstratum
1707 3950 1760 4000 esi,

234 4033 310 4092 eain
324 4035 467 4091 eeclesiam
486 4035 688 4106 nuotgnannum
710 4033 796 4108 (lent.
814 4037 887 4107 aar),
908 4057 916 4086 t
969 4029 1050 4084 etiam
1064 4029 1207 4086 mediorum
1234 4031 1300 4085 uitia
1324 4029 1525 4097 describuntur,
1547 4047 1607 4103 quae
1623 4031 1761 4105 ¹plangunt

234 4139 276 4182 res
286 4125 364 4195 plelre
378 4126 449 4195 presi
460 4135 561 4196 ptores,
577 4126 789 4195 rtequioremqne
800 4127 917 4197 princi·
970 4129 1120 4176 amatorum
1135 4122 1264 4177 societate
1277 4122 1399 4192 private,
1413 4131 1440 4178 et
1453 4123 1592 4179 exsultant
1610 4124 1633 4180 si
1648 4139 1694 4180 eos
1708 4141 1757 4196 po-

234 4217 256 4274 ni
269 4217 414 4290 pmlocuu
425 4227 467 4273 est
485 4219 555 4288 pleni
580 4226 662 4287 unque
685 4219 863 4290 prosequens,
875 4220 918 4274 pi.
971 4212 1072 4267 tuoriot
1084 4209 1216 4267 obtinere.
1232 4212 1265 4266 tn
1282 4212 1348 4283 'qnia
1363 4213 1456 4268 eadem
1480 4213 1616 4284 gentilitas
1636 4212 1761 4282 liiijuscc-

234 4303 370 4364 lenonium
388 4315 504 4362 statuent
519 4318 583 4361 aute
600 4307 738 4378 picturas,
752 4315 780 4362 et
799 4308 919 4379 singulos
970 4304 1042 4357 moli
1058 4302 1163 4358 salmias
1186 4313 1326 4374 poctarum
1352 4317 1413 4375 qnae
1440 4303 1541 4360 haberti
1565 4305 1759 4376 turpitudinem

239 4397 377 4454 tlrurssmla
394 4399 421 4453 in
437 4400 562 4454 mantibus
575 4400 643 4462 suis,
656 4415 708 4453 nou
724 4400 772 4454 liei
791 4399 920 4469 rrrajesta-
971 4395 1167 4464 interpretetur
1187 4393 1268 4449 sulitil
1281 4403 1330 4456 tcr,
1353 4394 1568 4450 interiectionem
1591 4404 1618 4450 et
1641 4411 1761 4450 resurre-

234 4486 919 4560 tlpropriassententiasaliern-ntes,ctnequaqnam
971 4490 1086 4543 ctionem
1116 4488 1248 4544 ildottidis
1274 4489 1384 4558 planetu
1414 4498 1441 4544 et
1467 4490 1564 4560 gaudio
1585 4504 1759 4558 prosequens.

234 4577 332 4634 nouam
345 4577 501 4648 fragrantiae
515 4579 548 4632 ad
562 4577 656 4641 lit-urm
671 4578 719 4632 see
737 4576 861 4633 lectorem
885 4579 918 4632 ad
971 4581 1091 4649 Qtrorum
1115 4581 1231 4636 alteuim
1256 4581 1282 4635 in
1310 4581 1459 4636 seminilms
1481 4596 1541 4650 qnae
1561 4581 1712 4634 moriuntur
1736 4581 1761 4632 iu

234 4669 359 4724 arreuire.
972 4682 1054 4737 terra,
1070 4672 1183 4728 alterum
1198 4673 1224 4728 in
1253 4674 1388 4744 segetilms
1407 4673 1505 4742 quinus
1529 4679 1635 4725 mortam
1658 4671 1760 4725 sennua

234 4758 346 4815 dinitad
361 4761 507 4814 metl'erte
521 4759 605 4823 rides,
615 4760 650 4814 sut
667 4760 864 4831 inanimisque
878 4777 920 4817 se·
933 4803 958 4861 D
972 4767 1165 4829 renascuntur,
1178 4762 1284 4819 ostendi
1301 4772 1386 4833 pentat.
1402 4765 1456 4819 Nos
1468 4775 1576 4831 qnoque
1589 4775 1637 4816 eos
1658 4761 1704 4830 qui
1728 4763 1761 4815 ad

234 4849 356 4904 odoinus
370 4848 450 4903 lsrael
467 4848 568 4904 iaciunt
583 4851 609 4903 iu
628 4850 757 4915 tenebris,
775 4852 919 4919 arntrsquis-
973 4851 1064 4907 secordi
1077 4851 1183 4907 maleel
1196 4852 1276 4918 bona,
1293 4851 1333 4906 rel
1348 4850 1545 4906 contristantur
1555 4848 1596 4903 vcl
1612 4850 1760 4914 essrrltant,

972 4945 1099 5001 mulieres
1113 4944 1280 5015 appellemus
1293 4942 1366 4997 molli
1381 4950 1409 4996 et
1433 4939 1586 4996 ellerninatu
1604 4941 1705 5005 animo,
1719 4940 1761 4994 di-

254 5043 307 5084 oos
328 5030 468 5083 doctrinas.
494 5031 642 5100 Dereliqnit
664 5032 794 5086 Martinus
811 5043 918 5087 terram
971 5049 1119 5106 eamusque
1133 5035 1259 5106 plangere
1270 5047 1317 5090 eos
1327 5031 1457 5093 rnaunz.
1470 5048 1502 5087 ea
1516 5031 1720 5102 sinticaeque
1735 5033 1761 5088 iu

234 5137 265 5186 a,r
281 5127 335 5176 etc.
348 5119 387 5174 Es
404 5135 447 5184 eo,
464 5121 562 5190 iuquit,
573 5123 645 5191 quud
659 5122 685 5176 iu
702 5123 802 5192 tcarrplo
817 5124 919 5178 iaciant
972 5127 1052 5182 reims
1065 5126 1158 5181 mundi
1171 5133 1300 5195 putantur
1312 5138 1372 5180 esse
1390 5123 1581 5193 pulcherrima.

240 5210 409 5281 congregati,
424 5213 654 5283 aeteruum-qnia
670 5214 696 5267 in
721 5214 846 5270 cubiculo
868 5231 918 5270 suu
1010 5237 1020 5269 r
1043 5217 1076 5271 Et
1087 5215 1156 5272 dixit
1173 5216 1207 5271 acl
1223 5231 1265 5271 me
1282 5234 1289 5270 ε
1304 5213 1384 5270 Certe
1397 5213 1498 5278 vidisti,
1510 5215 1546 5269 iili
1571 5215 1703 5279 hominis,
1717 5217 1763 5271 nl-

234 5303 315 5376 isque
329 5303 420 5358 iaciat.
437 5302 490 5359 Scri
503 5304 650 5359 oectrrmum
664 5321 801 5377 anagogen
824 5308 919 5364 melius
974 5328 983 5360 r
1004 5309 1058 5364 linc
1071 5321 1221 5363 conversus
1233 5306 1336 5362 ridebis
1349 5306 1564 5361 alnominationes
1575 5308 1692 5378 majores
1710 5310 1761 5363 liis.

234 5394 240 5450 i
254 5401 353 5466 potest,
368 5395 439 5463 quod
451 5395 573 5450 notruulli
588 5397 726 5467 principes
742 5398 918 5454 ecclesiarum
974 5420 982 5452 ι
1003 5400 1035 5455 Ει
1049 5399 1198 5454 introduxit
1210 5413 1253 5453 me
1267 5400 1293 5454 in
1305 5398 1508 5454 atriumdomos
1519 5399 1623 5454 Dorrriui
1639 5401 1760 5456 interius.

240 5485 420 5554 intenebris,
440 5504 501 5559 qne
511 5490 690 5559 dictu-turpia
713 5500 785 5547 sune
808 5492 862 5547 iste
879 5501 921 5547 ese
975 5511 984 5543 a
1007 5490 1040 5545 Et
1053 5505 1117 5545 ecce
1130 5489 1157 5544 in
1170 5490 1239 5544 ostio
1254 5490 1344 5559 tetrtpli
1359 5489 1463 5544 llotrum
1479 5490 1551 5545 iuter
1563 5491 1723 5547 restilmlum
1735 5500 1763 5546 et

234 5579 403 5635 ditosoordis
417 5580 497 5635 immo
508 5580 541 5635 tle
552 5593 605 5650 quo
617 5581 736 5637 dicitnr:
752 5601 762 5632 ι
779 5581 921 5653 ingredere
976 5603 983 5634 a
1004 5581 1188 5652 altare,qnasi
1202 5579 1428 5651 vigintiquinque
1451 5581 1513 5646 riri,
1529 5581 1608 5636 dorsa
1633 5580 1763 5636 habemus

234 5667 326 5724 colem
346 5679 420 5724 tuum
435 5670 544 5743 (liuttir.
557 5671 605 5742 rt).
625 5692 635 5724 a
651 5672 684 5726 Et
698 5689 805 5728 rursum
823 5691 830 5726 z
845 5693 854 5724 a
869 5673 920 5741 Qui
976 5695 984 5723 r
1005 5682 1098 5727 contra
1113 5670 1249 5741 terttplum
1262 5657 1378 5736 ilentini,
1393 5678 1420 5725 et
1432 5670 1515 5726 iacies
1529 5671 1562 5725 ad
1574 5672 1716 5727 orientem.
1729 5671 1763 5726 Et

234 5775 252 5816 o
275 5760 409 5816 abscotrso
425 5762 519 5817 reddet
534 5760 592 5816 tibi.
611 5761 751 5818 »decolat
774 5766 920 5834 uuusquis-
976 5785 984 5813 ‹
1007 5764 1156 5819 atloraltent
1169 5762 1203 5816 ad
1216 5770 1305 5818 ortum
1319 5763 1392 5818 solis.
1409 5763 1466 5818 »Et
1477 5764 1540 5832 aquia
1554 5777 1633 5832 sopra
1648 5761 1761 5832 legimus

235 5850 388 5904 roeieruiam
403 5865 490 5915 suam,
503 5860 531 5906 et
543 5867 625 5922 opera
639 5855 811 5908 tenerorum
828 5871 920 5908 recor·
972 5866 1033 5925 post
1044 5855 1143 5909 idolum
1154 5854 1295 5923 reliquae
1309 5855 1341 5908 ad
1355 5865 1460 5926 portam
1476 5855 1607 5926 aquilonis
1619 5854 1760 5923 apparuit:

234 5959 246 5998 n
263 5943 399 6008 tenebris,
414 5945 538 6015 sciatque
563 5947 694 6015 scriptum
712 5964 718 6000 :
739 5965 748 5997 r
767 5948 861 6002 Otnuis
874 5947 920 6017 qni
975 5967 984 5994 ι
1004 5946 1255 6001 ‚itllruccom'ersus
1268 5945 1370 6002 ricleltis
1384 5947 1597 6002 altonrinationes
1612 5943 1761 6013 majorca.»

234 6049 374 6111 rpenttur,
396 6041 452 6095 odit
478 6039 575 6106 lneetu,
606 6057 640 6097 ne
666 6050 795 6113 arguentur
823 6057 837 6096 a
862 6041 921 6095 lutee
972 6036 1762 6107 ‹rstertsisqncperparietempicturisomniumiestiantm
