<?xml version="1.0" encoding="UTF-8"?>
<!DOCTYPE html PUBLIC "-//W3C//DTD XHTML 1.0 Transitional//EN"
    "http://www.w3.org/TR/xhtml1/DTD/xhtml1-transitional.dtd">
<html xmlns="http://www.w3.org/1999/xhtml" xml:lang="en" lang="en">
 <head>
  <title>
</title>
<meta http-equiv="Content-Type" content="text/html;charset=utf-8" />
  <meta name='ocr-system' content='tesseract 3.04.00' />
  <meta name='ocr-capabilities' content='ocr_page ocr_carea ocr_par ocr_line ocrx_word'/>
</head>
<body>
  <div class='ocr_page' id='page_1' title='image "./patrologiaecurs95unkngoog_0013.png"; bbox 0 0 4500 6842; ppageno 0'>
   <div class='ocr_carea' id='block_1_1' title="bbox 306 723 1957 917">
    <p class='ocr_par' dir='ltr' id='par_1_1' title="bbox 306 723 1957 917">
     <span class='ocr_line' id='line_1_1' title="bbox 308 723 1953 792; baseline -0.01 -5"><span class='ocrx_word' id='word_1_1' title='bbox 308 735 342 787; x_wconf 82' lang='lat' dir='ltr'>tr</span> <span class='ocrx_word' id='word_1_2' title='bbox 792 728 944 786; x_wconf 79' lang='lat' dir='ltr'>ttotttLtAE</span> <span class='ocrx_word' id='word_1_3' title='bbox 965 723 1466 792; x_wconf 54' lang='lat' dir='ltr'>nevssrtsvu1smnotsfflrc.</span> <span class='ocrx_word' id='word_1_4' title='bbox 1523 725 1533 751; x_wconf 86' lang='lat'><strong><em>‘</em></strong></span> <span class='ocrx_word' id='word_1_5' title='bbox 1912 732 1953 786; x_wconf 70' lang='lat' dir='ltr'>pp.</span> 
     </span>
     <span class='ocr_line' id='line_1_2' title="bbox 306 838 1957 917; baseline -0.001 -15"><span class='ocrx_word' id='word_1_6' title='bbox 306 850 394 917; x_wconf 74' lang='lat' dir='ltr'>iancm</span> <span class='ocrx_word' id='word_1_7' title='bbox 407 853 534 898; x_wconf 82' lang='lat' dir='ltr'>aternum</span> <span class='ocrx_word' id='word_1_8' title='bbox 557 842 665 915; x_wconf 77' lang='lat' dir='ltr'>(lintris.</span> <span class='ocrx_word' id='word_1_9' title='bbox 677 841 741 912; x_wconf 83' lang='lat' dir='ltr'>xxv)</span> <span class='ocrx_word' id='word_1_10' title='bbox 755 859 763 907; x_wconf 81' lang='lat'>3</span> <span class='ocrx_word' id='word_1_11' title='bbox 778 842 826 898; x_wconf 89' lang='lat' dir='ltr'>sed</span> <span class='ocrx_word' id='word_1_12' title='bbox 839 858 900 897; x_wconf 91' lang='lat' dir='ltr'>cum</span> <span class='ocrx_word' id='word_1_13' title='bbox 916 842 997 912; x_wconf 85' lang='lat' dir='ltr'>justis</span> <span class='ocrx_word' id='word_1_14' title='bbox 1011 850 1037 897; x_wconf 90' lang='lat' dir='ltr'>et</span> <span class='ocrx_word' id='word_1_15' title='bbox 1051 840 1102 900; x_wconf 89' lang='lat' dir='ltr'>mi-</span> <span class='ocrx_word' id='word_1_16' title='bbox 1115 841 1140 900; x_wconf 77' lang='grc' dir='ltr'>Α</span> <span class='ocrx_word' id='word_1_17' title='bbox 1154 853 1215 891; x_wconf 74' lang='lat' dir='ltr'>nem</span> <span class='ocrx_word' id='word_1_18' title='bbox 1232 852 1293 892; x_wconf 81' lang='lat' dir='ltr'>cum</span> <span class='ocrx_word' id='word_1_19' title='bbox 1312 838 1417 895; x_wconf 81' lang='lat' dir='ltr'>actibus</span> <span class='ocrx_word' id='word_1_20' title='bbox 1431 839 1499 910; x_wconf 88' lang='lat' dir='ltr'>ejus,</span> <span class='ocrx_word' id='word_1_21' title='bbox 1522 840 1567 909; x_wconf 89' lang='lat' dir='ltr'>qui</span> <span class='ocrx_word' id='word_1_22' title='bbox 1593 840 1776 909; x_wconf 76' lang='lat' dir='ltr'><strong>corrumpitur</strong></span> <span class='ocrx_word' id='word_1_23' title='bbox 1797 847 1957 902; x_wconf 71' lang='lat' dir='ltr'>nuendum·</span> 
     </span>
    </p>
   </div>
   <div class='ocr_carea' id='block_1_2' title="bbox 237 928 1962 4998">
    <p class='ocr_par' dir='ltr' id='par_1_2' title="bbox 237 928 1962 4998">
     <span class='ocr_line' id='line_1_3' title="bbox 306 928 1953 1002; baseline -0.001 -9"><span class='ocrx_word' id='word_1_24' title='bbox 306 938 489 993; x_wconf 86' lang='lat' dir='ltr'>sericordibus</span> <span class='ocrx_word' id='word_1_25' title='bbox 512 936 607 991; x_wconf 88' lang='lat' dir='ltr'>audire</span> <span class='ocrx_word' id='word_1_26' title='bbox 632 950 805 991; x_wconf 87' lang='lat' dir='ltr'>mereamur:</span> <span class='ocrx_word' id='word_1_27' title='bbox 842 932 949 999; x_wconf 81' lang='lat' dir='ltr'>Venite,</span> <span class='ocrx_word' id='word_1_28' title='bbox 974 933 1100 989; x_wconf 78' lang='lat' dir='ltr'>denedicti</span> <span class='ocrx_word' id='word_1_29' title='bbox 1150 928 1281 984; x_wconf 87' lang='lat' dir='ltr'>desideria</span> <span class='ocrx_word' id='word_1_30' title='bbox 1306 930 1427 986; x_wconf 90' lang='lat' dir='ltr'>erroris:</span> <span class='ocrx_word' id='word_1_31' title='bbox 1455 938 1483 988; x_wconf 91' lang='lat' dir='ltr'>et</span> <span class='ocrx_word' id='word_1_32' title='bbox 1508 930 1654 985; x_wconf 80' lang='lat' dir='ltr'>induamini</span> <span class='ocrx_word' id='word_1_33' title='bbox 1678 947 1776 987; x_wconf 92' lang='lat' dir='ltr'>novum</span> <span class='ocrx_word' id='word_1_34' title='bbox 1798 932 1953 1002; x_wconf 85' lang='lat' dir='ltr'>bominem,¹</span> 
     </span>
     <span class='ocr_line' id='line_1_4' title="bbox 306 1018 1945 1098; baseline -0.002 -15"><span class='ocrx_word' id='word_1_35' title='bbox 306 1028 399 1083; x_wconf 86' lang='lat' dir='ltr'>Putris</span> <span class='ocrx_word' id='word_1_36' title='bbox 412 1028 473 1092; x_wconf 64' lang='lat' dir='ltr'>md,</span> <span class='ocrx_word' id='word_1_37' title='bbox 488 1027 614 1098; x_wconf 85' lang='lat' dir='ltr'>percipite</span> <span class='ocrx_word' id='word_1_38' title='bbox 628 1042 734 1096; x_wconf 77' lang='lat' dir='ltr'>repnum</span> <span class='ocrx_word' id='word_1_39' title='bbox 746 1039 756 1078; x_wconf 91' lang='lat'>.·</span> <span class='ocrx_word' id='word_1_40' title='bbox 770 1026 832 1097; x_wconf 83' lang='lat' dir='ltr'>puio</span> <span class='ocrx_word' id='word_1_41' title='bbox 843 1025 940 1079; x_wconf 87' lang='lat' dir='ltr'>esuriri</span> <span class='ocrx_word' id='word_1_42' title='bbox 952 1034 976 1079; x_wconf 91' lang='lat' dir='ltr'>et</span> <span class='ocrx_word' id='word_1_43' title='bbox 989 1025 1099 1080; x_wconf 74' lang='lat' dir='ltr'>dedistis</span> <span class='ocrx_word' id='word_1_44' title='bbox 1149 1018 1195 1089; x_wconf 83' lang='lat' dir='ltr'>qui</span> <span class='ocrx_word' id='word_1_45' title='bbox 1214 1028 1362 1075; x_wconf 88' lang='lat' dir='ltr'>renovatur</span> <span class='ocrx_word' id='word_1_46' title='bbox 1374 1019 1408 1076; x_wconf 86' lang='lat' dir='ltr'>dc</span> <span class='ocrx_word' id='word_1_47' title='bbox 1428 1020 1473 1075; x_wconf 90' lang='lat' dir='ltr'>dic</span> <span class='ocrx_word' id='word_1_48' title='bbox 1494 1020 1521 1075; x_wconf 92' lang='lat' dir='ltr'>in</span> <span class='ocrx_word' id='word_1_49' title='bbox 1536 1021 1606 1076; x_wconf 90' lang='lat' dir='ltr'>diem</span> <span class='ocrx_word' id='word_1_50' title='bbox 1630 1022 1778 1077; x_wconf 85' lang='lat' dir='ltr'>secundum</span> <span class='ocrx_word' id='word_1_51' title='bbox 1801 1023 1945 1097; x_wconf 75' lang='lat' dir='ltr'>imaginem</span> 
     </span>
     <span class='ocr_line' id='line_1_5' title="bbox 304 1108 1947 1186; baseline 0.001 -14"><span class='ocrx_word' id='word_1_52' title='bbox 304 1118 372 1172; x_wconf 75' lang='lat' dir='ltr'>mini</span> <span class='ocrx_word' id='word_1_53' title='bbox 397 1117 584 1179; x_wconf 82' lang='lat' dir='ltr'>manducare,·</span> <span class='ocrx_word' id='word_1_54' title='bbox 612 1115 683 1170; x_wconf 84' lang='lat' dir='ltr'>sitici</span> <span class='ocrx_word' id='word_1_55' title='bbox 695 1155 703 1181; x_wconf 96' lang='lat'>,</span> <span class='ocrx_word' id='word_1_56' title='bbox 733 1125 758 1169; x_wconf 88' lang='lat' dir='ltr'>et</span> <span class='ocrx_word' id='word_1_57' title='bbox 784 1115 892 1170; x_wconf 73' lang='lat' dir='ltr'>dedistis</span> <span class='ocrx_word' id='word_1_58' title='bbox 922 1115 986 1169; x_wconf 81' lang='lat' dir='ltr'>nvitri</span> <span class='ocrx_word' id='word_1_59' title='bbox 1016 1114 1100 1170; x_wconf 82' lang='lat' dir='ltr'>iibere</span> <span class='ocrx_word' id='word_1_60' title='bbox 1150 1108 1209 1178; x_wconf 86' lang='lat' dir='ltr'>ejus</span> <span class='ocrx_word' id='word_1_61' title='bbox 1223 1111 1269 1181; x_wconf 87' lang='lat' dir='ltr'>qui</span> <span class='ocrx_word' id='word_1_62' title='bbox 1283 1112 1386 1168; x_wconf 89' lang='lat' dir='ltr'>creavit</span> <span class='ocrx_word' id='word_1_63' title='bbox 1398 1126 1460 1167; x_wconf 90' lang='lat' dir='ltr'>eum</span> <span class='ocrx_word' id='word_1_64' title='bbox 1476 1112 1583 1184; x_wconf 77' lang='lat' dir='ltr'>(pres.</span> <span class='ocrx_word' id='word_1_65' title='bbox 1598 1113 1646 1184; x_wconf 87' lang='lat' dir='ltr'>tv).</span> <span class='ocrx_word' id='word_1_66' title='bbox 1658 1114 1765 1171; x_wconf 77' lang='lat' dir='ltr'>Veteris</span> <span class='ocrx_word' id='word_1_67' title='bbox 1775 1131 1850 1186; x_wconf 79' lang='lat' dir='ltr'>ergo,</span> <span class='ocrx_word' id='word_1_68' title='bbox 1865 1118 1947 1176; x_wconf 82' lang='lat' dir='ltr'>idest</span> 
     </span>
     <span class='ocr_line' id='line_1_6' title="bbox 307 1202 1945 1280; baseline 0.001 -18"><span class='ocrx_word' id='word_1_69' title='bbox 307 1208 414 1280; x_wconf 78' lang='lat' dir='ltr'>(ibid).</span> <span class='ocrx_word' id='word_1_70' title='bbox 430 1208 516 1276; x_wconf 77' lang='lat' dir='ltr'>Qunam</span> <span class='ocrx_word' id='word_1_71' title='bbox 531 1206 736 1262; x_wconf 79' lang='lat' dir='ltr'>desiderabilem</span> <span class='ocrx_word' id='word_1_72' title='bbox 755 1222 847 1261; x_wconf 87' lang='lat' dir='ltr'>vocem</span> <span class='ocrx_word' id='word_1_73' title='bbox 872 1206 1001 1260; x_wconf 84' lang='lat' dir='ltr'>concedat</span> <span class='ocrx_word' id='word_1_74' title='bbox 1021 1203 1099 1261; x_wconf 89' lang='lat' dir='ltr'>nobis</span> <span class='ocrx_word' id='word_1_75' title='bbox 1149 1202 1309 1270; x_wconf 87' lang='lat' dir='ltr'>peccatoris,</span> <span class='ocrx_word' id='word_1_76' title='bbox 1325 1202 1444 1257; x_wconf 88' lang='lat' dir='ltr'>bominis</span> <span class='ocrx_word' id='word_1_77' title='bbox 1455 1209 1532 1257; x_wconf 87' lang='lat' dir='ltr'>actus</span> <span class='ocrx_word' id='word_1_78' title='bbox 1545 1211 1626 1259; x_wconf 86' lang='lat' dir='ltr'>snvvt:</span> <span class='ocrx_word' id='word_1_79' title='bbox 1650 1202 1797 1271; x_wconf 74' lang='lat' dir='ltr'>lactantia,</span> <span class='ocrx_word' id='word_1_80' title='bbox 1822 1208 1945 1276; x_wconf 64' lang='lat' dir='ltr'>astantia,</span> 
     </span>
     <span class='ocr_line' id='line_1_7' title="bbox 304 1289 1946 1368; baseline -0.003 -13"><span class='ocrx_word' id='word_1_81' title='bbox 304 1300 412 1363; x_wconf 87' lang='lat' dir='ltr'>audire,</span> <span class='ocrx_word' id='word_1_82' title='bbox 426 1298 472 1368; x_wconf 89' lang='lat' dir='ltr'>qui</span> <span class='ocrx_word' id='word_1_83' title='bbox 483 1296 564 1352; x_wconf 87' lang='lat' dir='ltr'>bodie</span> <span class='ocrx_word' id='word_1_84' title='bbox 578 1304 658 1350; x_wconf 92' lang='lat' dir='ltr'>natus</span> <span class='ocrx_word' id='word_1_85' title='bbox 676 1302 727 1359; x_wconf 89' lang='lat' dir='ltr'>est,</span> <span class='ocrx_word' id='word_1_86' title='bbox 741 1293 906 1363; x_wconf 75' lang='lat' dir='ltr'>Redemptor</span> <span class='ocrx_word' id='word_1_87' title='bbox 919 1302 1029 1348; x_wconf 89' lang='lat' dir='ltr'>noster:</span> <span class='ocrx_word' id='word_1_88' title='bbox 1053 1292 1100 1362; x_wconf 83' lang='lat' dir='ltr'>qui</span> <span class='ocrx_word' id='word_1_89' title='bbox 1153 1290 1304 1358; x_wconf 61' lang='lat' dir='ltr'>perunctio,</span> <span class='ocrx_word' id='word_1_90' title='bbox 1326 1290 1509 1356; x_wconf 82' lang='lat' dir='ltr'>invruunditia,</span> <span class='ocrx_word' id='word_1_91' title='bbox 1531 1289 1657 1354; x_wconf 80' lang='lat' dir='ltr'>turario,</span> <span class='ocrx_word' id='word_1_92' title='bbox 1671 1291 1802 1347; x_wconf 89' lang='lat' dir='ltr'>idolorum</span> <span class='ocrx_word' id='word_1_93' title='bbox 1824 1296 1946 1362; x_wconf 83' lang='lat' dir='ltr'>servitus,</span> 
     </span>
     <span class='ocr_line' id='line_1_8' title="bbox 303 1380 1946 1457; baseline -0.001 -16"><span class='ocrx_word' id='word_1_94' title='bbox 303 1388 372 1442; x_wconf 80' lang='lat' dir='ltr'>vivit</span> <span class='ocrx_word' id='word_1_95' title='bbox 386 1396 413 1443; x_wconf 93' lang='lat' dir='ltr'>ct</span> <span class='ocrx_word' id='word_1_96' title='bbox 425 1394 520 1457; x_wconf 75' lang='lat' dir='ltr'>regum</span> <span class='ocrx_word' id='word_1_97' title='bbox 537 1400 597 1440; x_wconf 89' lang='lat' dir='ltr'>cum</span> <span class='ocrx_word' id='word_1_98' title='bbox 620 1383 701 1438; x_wconf 84' lang='lat' dir='ltr'>Patre</span> <span class='ocrx_word' id='word_1_99' title='bbox 722 1384 748 1438; x_wconf 90' lang='lat' dir='ltr'>iu</span> <span class='ocrx_word' id='word_1_100' title='bbox 763 1383 866 1439; x_wconf 73' lang='lat' dir='ltr'>unimtc</span> <span class='ocrx_word' id='word_1_101' title='bbox 883 1380 1002 1453; x_wconf 80' lang='lat' dir='ltr'>Spiritus</span> <span class='ocrx_word' id='word_1_102' title='bbox 1012 1381 1099 1438; x_wconf 82' lang='lat' dir='ltr'>sancti</span> <span class='ocrx_word' id='word_1_103' title='bbox 1149 1380 1283 1449; x_wconf 68' lang='lat' dir='ltr'>veneficia,</span> <span class='ocrx_word' id='word_1_104' title='bbox 1298 1380 1454 1446; x_wconf 78' lang='lat' dir='ltr'>inimicitie,</span> <span class='ocrx_word' id='word_1_105' title='bbox 1468 1380 1656 1446; x_wconf 85' lang='lat' dir='ltr'>contentiones,</span> <span class='ocrx_word' id='word_1_106' title='bbox 1680 1380 1872 1449; x_wconf 80' lang='lat' dir='ltr'>onsrtlationes,</span> <span class='ocrx_word' id='word_1_107' title='bbox 1887 1385 1946 1453; x_wconf 76' lang='lat' dir='ltr'>ira,</span> 
     </span>
     <span class='ocr_line' id='line_1_9' title="bbox 303 1470 1946 1547; baseline 0.001 -17"><span class='ocrx_word' id='word_1_108' title='bbox 303 1477 387 1543; x_wconf 81' lang='lat' dir='ltr'>Dens,</span> <span class='ocrx_word' id='word_1_109' title='bbox 398 1475 551 1547; x_wconf 86' lang='lat' dir='ltr'>peremnia</span> <span class='ocrx_word' id='word_1_110' title='bbox 564 1474 662 1531; x_wconf 74' lang='lat' dir='ltr'>secuta</span> <span class='ocrx_word' id='word_1_111' title='bbox 675 1472 845 1528; x_wconf 78' lang='lat' dir='ltr'>saeuiturum.</span> <span class='ocrx_word' id='word_1_112' title='bbox 860 1472 956 1529; x_wconf 80' lang='lat' dir='ltr'>bmcn.</span> <span class='ocrx_word' id='word_1_113' title='bbox 1150 1472 1223 1533; x_wconf 75' lang='lat' dir='ltr'>nea,</span> <span class='ocrx_word' id='word_1_114' title='bbox 1239 1472 1424 1536; x_wconf 79' lang='lat' dir='ltr'>dissensiones,</span> <span class='ocrx_word' id='word_1_115' title='bbox 1438 1479 1524 1536; x_wconf 82' lang='lat' dir='ltr'>secta,</span> <span class='ocrx_word' id='word_1_116' title='bbox 1550 1470 1669 1540; x_wconf 80' lang='lat' dir='ltr'>inridier,</span> <span class='ocrx_word' id='word_1_117' title='bbox 1689 1472 1841 1541; x_wconf 84' lang='lat' dir='ltr'>lrcmicidia,</span> <span class='ocrx_word' id='word_1_118' title='bbox 1862 1476 1946 1547; x_wconf 70' lang='lat' dir='ltr'>turta,</span> 
     </span>
     <span class='ocr_line' id='line_1_10' title="bbox 606 1563 1947 1638; baseline 0.002 -18"><span class='ocrx_word' id='word_1_119' title='bbox 606 1564 747 1622; x_wconf 80' lang='lat' dir='ltr'>t10ttttttt</span> <span class='ocrx_word' id='word_1_120' title='bbox 766 1564 810 1618; x_wconf 86' lang='lat' dir='ltr'>Vl.</span> <span class='ocrx_word' id='word_1_121' title='bbox 1149 1563 1296 1624; x_wconf 70' lang='lat' dir='ltr'>ebrietates,</span> <span class='ocrx_word' id='word_1_122' title='bbox 1316 1565 1525 1627; x_wconf 86' lang='lat' dir='ltr'>eorvtcssutiones,</span> <span class='ocrx_word' id='word_1_123' title='bbox 1550 1575 1574 1618; x_wconf 92' lang='lat' dir='ltr'>ct</span> <span class='ocrx_word' id='word_1_124' title='bbox 1599 1564 1777 1619; x_wconf 81' lang='lat' dir='ltr'>dissimilia:</span> <span class='ocrx_word' id='word_1_125' title='bbox 1799 1584 1859 1638; x_wconf 69' lang='lat' dir='ltr'>quur</span> <span class='ocrx_word' id='word_1_126' title='bbox 1875 1583 1947 1638; x_wconf 77' lang='lat' dir='ltr'>pret·</span> 
     </span>
     <span class='ocr_line' id='line_1_11' title="bbox 568 1651 1948 1726; baseline 0.001 -14"><span class='ocrx_word' id='word_1_127' title='bbox 568 1674 595 1712; x_wconf 81' lang='lat' dir='ltr'>tu</span> <span class='ocrx_word' id='word_1_128' title='bbox 611 1672 723 1712; x_wconf 81' lang='lat' dir='ltr'>ocruvts</span> <span class='ocrx_word' id='word_1_129' title='bbox 738 1671 839 1710; x_wconf 84' lang='lat' dir='ltr'>nouvut.</span> <span class='ocrx_word' id='word_1_130' title='bbox 1149 1651 1208 1704; x_wconf 82' lang='lat' dir='ltr'>dieo</span> <span class='ocrx_word' id='word_1_131' title='bbox 1225 1652 1306 1717; x_wconf 88' lang='lat' dir='ltr'>uobis,</span> <span class='ocrx_word' id='word_1_132' title='bbox 1321 1656 1445 1723; x_wconf 83' lang='lat' dir='ltr'>quoniam</span> <span class='ocrx_word' id='word_1_133' title='bbox 1458 1654 1502 1724; x_wconf 82' lang='lat' dir='ltr'>qui</span> <span class='ocrx_word' id='word_1_134' title='bbox 1523 1654 1587 1707; x_wconf 92' lang='lat' dir='ltr'>talia</span> <span class='ocrx_word' id='word_1_135' title='bbox 1601 1664 1694 1724; x_wconf 80' lang='lat' dir='ltr'>opunt,</span> <span class='ocrx_word' id='word_1_136' title='bbox 1711 1671 1818 1726; x_wconf 82' lang='lat' dir='ltr'>repnurn</span> <span class='ocrx_word' id='word_1_137' title='bbox 1831 1655 1880 1712; x_wconf 82' lang='lat' dir='ltr'>Dei</span> <span class='ocrx_word' id='word_1_138' title='bbox 1894 1674 1948 1713; x_wconf 88' lang='lat' dir='ltr'>nort</span> 
     </span>
     <span class='ocr_line' id='line_1_12' title="bbox 340 1743 1949 1817; baseline 0.001 -14"><span class='ocrx_word' id='word_1_139' title='bbox 340 1749 463 1804; x_wconf 76' lang='lat' dir='ltr'>Audistis</span> <span class='ocrx_word' id='word_1_140' title='bbox 475 1747 556 1803; x_wconf 93' lang='lat' dir='ltr'>modo</span> <span class='ocrx_word' id='word_1_141' title='bbox 569 1762 603 1801; x_wconf 83' lang='lat' dir='ltr'>ex</span> <span class='ocrx_word' id='word_1_142' title='bbox 622 1744 737 1800; x_wconf 88' lang='lat' dir='ltr'>lectione</span> <span class='ocrx_word' id='word_1_143' title='bbox 750 1744 916 1815; x_wconf 78' lang='lat' dir='ltr'>evangelicu,</span> <span class='ocrx_word' id='word_1_144' title='bbox 931 1743 1100 1800; x_wconf 79' lang='lat' dir='ltr'>iratresclva·</span> <span class='ocrx_word' id='word_1_145' title='bbox 1149 1755 1340 1817; x_wconf 75' lang='lat' dir='ltr'>consequemur</span> <span class='ocrx_word' id='word_1_146' title='bbox 1357 1743 1430 1815; x_wconf 85' lang='lat' dir='ltr'>(Gal.</span> <span class='ocrx_word' id='word_1_147' title='bbox 1445 1745 1484 1817; x_wconf 84' lang='lat' dir='ltr'>v).</span> <span class='ocrx_word' id='word_1_148' title='bbox 1504 1744 1572 1802; x_wconf 90' lang='lat' dir='ltr'>Novi</span> <span class='ocrx_word' id='word_1_149' title='bbox 1596 1755 1685 1803; x_wconf 87' lang='lat' dir='ltr'>autem</span> <span class='ocrx_word' id='word_1_150' title='bbox 1707 1746 1835 1813; x_wconf 86' lang='lat' dir='ltr'>hominis,</span> <span class='ocrx_word' id='word_1_151' title='bbox 1856 1747 1882 1803; x_wconf 93' lang='lat' dir='ltr'>id</span> <span class='ocrx_word' id='word_1_152' title='bbox 1906 1758 1949 1804; x_wconf 83' lang='lat' dir='ltr'>est</span> 
     </span>
     <span class='ocr_line' id='line_1_13' title="bbox 304 1832 1949 1909; baseline -0.001 -16"><span class='ocrx_word' id='word_1_153' title='bbox 304 1837 417 1903; x_wconf 77' lang='lat' dir='ltr'>nissimi,</span> <span class='ocrx_word' id='word_1_154' title='bbox 428 1851 539 1892; x_wconf 69' lang='lat' dir='ltr'>musam</span> <span class='ocrx_word' id='word_1_155' title='bbox 553 1834 631 1890; x_wconf 91' lang='lat' dir='ltr'>istius</span> <span class='ocrx_word' id='word_1_156' title='bbox 644 1833 832 1889; x_wconf 76' lang='lat' dir='ltr'>sacratissimas</span> <span class='ocrx_word' id='word_1_157' title='bbox 841 1832 995 1889; x_wconf 80' lang='lat' dir='ltr'>festivitatis</span> <span class='ocrx_word' id='word_1_158' title='bbox 1006 1851 1012 1887; x_wconf 93' lang='lat'>:</span> <span class='ocrx_word' id='word_1_159' title='bbox 1024 1834 1098 1904; x_wconf 87' lang='lat' dir='ltr'>quia,</span> <span class='ocrx_word' id='word_1_160' title='bbox 1147 1834 1226 1905; x_wconf 86' lang='lat' dir='ltr'>justi,</span> <span class='ocrx_word' id='word_1_161' title='bbox 1239 1850 1321 1906; x_wconf 89' lang='lat' dir='ltr'>opera</span> <span class='ocrx_word' id='word_1_162' title='bbox 1336 1846 1419 1893; x_wconf 88' lang='lat' dir='ltr'>sunt:</span> <span class='ocrx_word' id='word_1_163' title='bbox 1435 1836 1562 1903; x_wconf 82' lang='lat' dir='ltr'>ebaritas,</span> <span class='ocrx_word' id='word_1_164' title='bbox 1580 1837 1718 1908; x_wconf 73' lang='lat' dir='ltr'>caudium,</span> <span class='ocrx_word' id='word_1_165' title='bbox 1747 1854 1810 1909; x_wconf 83' lang='lat' dir='ltr'>psa,</span> <span class='ocrx_word' id='word_1_166' title='bbox 1828 1836 1949 1909; x_wconf 79' lang='lat' dir='ltr'>taupenni-</span> 
     </span>
     <span class='ocr_line' id='line_1_14' title="bbox 304 1923 1947 2003; baseline -0.001 -14"><span class='ocrx_word' id='word_1_167' title='bbox 304 1943 334 1989; x_wconf 84' lang='lat' dir='ltr'>et</span> <span class='ocrx_word' id='word_1_168' title='bbox 346 1930 455 2002; x_wconf 81' lang='lat' dir='ltr'>scripsit</span> <span class='ocrx_word' id='word_1_169' title='bbox 464 1936 573 1985; x_wconf 88' lang='lat' dir='ltr'>sanctus</span> <span class='ocrx_word' id='word_1_170' title='bbox 585 1928 673 1982; x_wconf 86' lang='lat' dir='ltr'>Lucas</span> <span class='ocrx_word' id='word_1_171' title='bbox 686 1926 848 1998; x_wconf 78' lang='lat' dir='ltr'>evangelista</span> <span class='ocrx_word' id='word_1_172' title='bbox 860 1944 866 1980; x_wconf 94' lang='lat'><strong>:</strong></span> <span class='ocrx_word' id='word_1_173' title='bbox 880 1923 1023 1999; x_wconf 76' lang='lat' dir='ltr'>Postquam</span> <span class='ocrx_word' id='word_1_174' title='bbox 1035 1943 1099 1982; x_wconf 82' lang='lat' dir='ltr'>ecn-</span> <span class='ocrx_word' id='word_1_175' title='bbox 1150 1930 1239 1994; x_wconf 80' lang='lat' dir='ltr'>mites,</span> <span class='ocrx_word' id='word_1_176' title='bbox 1255 1929 1367 1997; x_wconf 81' lang='lat' dir='ltr'>bonitus,</span> <span class='ocrx_word' id='word_1_177' title='bbox 1386 1930 1539 2002; x_wconf 81' lang='lat' dir='ltr'>ienipnitas,</span> <span class='ocrx_word' id='word_1_178' title='bbox 1559 1930 1636 2000; x_wconf 69' lang='lat' dir='ltr'>fides,</span> <span class='ocrx_word' id='word_1_179' title='bbox 1652 1932 1790 1998; x_wconf 87' lang='lat' dir='ltr'>modestia,</span> <span class='ocrx_word' id='word_1_180' title='bbox 1807 1932 1947 2003; x_wconf 80' lang='lat' dir='ltr'>potientis,</span> 
     </span>
     <span class='ocr_line' id='line_1_15' title="bbox 302 2018 1948 2094; baseline -0.002 -14"><span class='ocrx_word' id='word_1_181' title='bbox 302 2024 427 2080; x_wconf 75' lang='lat' dir='ltr'>summati</span> <span class='ocrx_word' id='word_1_182' title='bbox 446 2030 507 2078; x_wconf 86' lang='lat' dir='ltr'>sunt</span> <span class='ocrx_word' id='word_1_183' title='bbox 530 2020 586 2075; x_wconf 92' lang='lat' dir='ltr'>dies</span> <span class='ocrx_word' id='word_1_184' title='bbox 601 2029 661 2074; x_wconf 82' lang='lat' dir='ltr'>octa</span> <span class='ocrx_word' id='word_1_185' title='bbox 673 2026 700 2072; x_wconf 91' lang='lat' dir='ltr'>ut</span> <span class='ocrx_word' id='word_1_186' title='bbox 715 2018 944 2073; x_wconf 74' lang='lat' dir='ltr'>circumsideretur</span> <span class='ocrx_word' id='word_1_187' title='bbox 961 2035 1036 2090; x_wconf 88' lang='lat' dir='ltr'>puer,</span> <span class='ocrx_word' id='word_1_188' title='bbox 1053 2034 1099 2074; x_wconf 83' lang='lat' dir='ltr'>so·</span> <span class='ocrx_word' id='word_1_189' title='bbox 1150 2020 1320 2086; x_wconf 83' lang='lat' dir='ltr'>continentia,</span> <span class='ocrx_word' id='word_1_190' title='bbox 1335 2022 1480 2087; x_wconf 85' lang='lat' dir='ltr'>lrumilitas,</span> <span class='ocrx_word' id='word_1_191' title='bbox 1505 2021 1642 2089; x_wconf 78' lang='lat' dir='ltr'>sobrietas,</span> <span class='ocrx_word' id='word_1_192' title='bbox 1665 2023 1750 2078; x_wconf 85' lang='lat' dir='ltr'>cibis</span> <span class='ocrx_word' id='word_1_193' title='bbox 1765 2023 1864 2080; x_wconf 79' lang='lat' dir='ltr'>similia</span> <span class='ocrx_word' id='word_1_194' title='bbox 1877 2039 1885 2089; x_wconf 73' lang='grc' dir='ltr'>ς</span> <span class='ocrx_word' id='word_1_195' title='bbox 1900 2023 1948 2094; x_wconf 78' lang='lat' dir='ltr'>qui</span> 
     </span>
     <span class='ocr_line' id='line_1_16' title="bbox 303 2109 1948 2184; baseline 0.001 -14"><span class='ocrx_word' id='word_1_196' title='bbox 303 2126 392 2170; x_wconf 83' lang='lat' dir='ltr'>earnm</span> <span class='ocrx_word' id='word_1_197' title='bbox 404 2123 441 2169; x_wconf 89' lang='lat' dir='ltr'>est</span> <span class='ocrx_word' id='word_1_198' title='bbox 455 2129 549 2167; x_wconf 83' lang='lat' dir='ltr'>nomen</span> <span class='ocrx_word' id='word_1_199' title='bbox 562 2112 619 2182; x_wconf 75' lang='lat' dir='ltr'>ejus</span> <span class='ocrx_word' id='word_1_200' title='bbox 631 2110 718 2175; x_wconf 77' lang='lat' dir='ltr'>lesus,</span> <span class='ocrx_word' id='word_1_201' title='bbox 740 2110 809 2181; x_wconf 72' lang='lat' dir='ltr'>cuod</span> <span class='ocrx_word' id='word_1_202' title='bbox 822 2119 940 2165; x_wconf 79' lang='lat' dir='ltr'>cacatum</span> <span class='ocrx_word' id='word_1_203' title='bbox 955 2119 992 2166; x_wconf 89' lang='lat' dir='ltr'>cst</span> <span class='ocrx_word' id='word_1_204' title='bbox 1006 2110 1039 2165; x_wconf 79' lang='lat' dir='ltr'>ab</span> <span class='ocrx_word' id='word_1_205' title='bbox 1051 2127 1100 2166; x_wconf 85' lang='lat' dir='ltr'>uss·</span> <span class='ocrx_word' id='word_1_206' title='bbox 1152 2118 1242 2165; x_wconf 90' lang='lat' dir='ltr'>autem</span> <span class='ocrx_word' id='word_1_207' title='bbox 1257 2109 1284 2166; x_wconf 92' lang='lat' dir='ltr'>iu</span> <span class='ocrx_word' id='word_1_208' title='bbox 1299 2110 1343 2167; x_wconf 88' lang='lat' dir='ltr'>bis</span> <span class='ocrx_word' id='word_1_209' title='bbox 1354 2112 1449 2178; x_wconf 87' lang='lat' dir='ltr'>servit,</span> <span class='ocrx_word' id='word_1_210' title='bbox 1458 2111 1547 2180; x_wconf 91' lang='lat' dir='ltr'>placet</span> <span class='ocrx_word' id='word_1_211' title='bbox 1560 2113 1627 2178; x_wconf 85' lang='lat' dir='ltr'>Deo,</span> <span class='ocrx_word' id='word_1_212' title='bbox 1642 2120 1670 2168; x_wconf 91' lang='lat' dir='ltr'>et</span> <span class='ocrx_word' id='word_1_213' title='bbox 1688 2115 1820 2184; x_wconf 86' lang='lat' dir='ltr'>probatus</span> <span class='ocrx_word' id='word_1_214' title='bbox 1842 2123 1883 2171; x_wconf 88' lang='lat' dir='ltr'>est</span> <span class='ocrx_word' id='word_1_215' title='bbox 1898 2115 1948 2172; x_wconf 82' lang='lat' dir='ltr'>iso-</span> 
     </span>
     <span class='ocr_line' id='line_1_17' title="bbox 303 2189 1951 2276; baseline 0.002 -18"><span class='ocrx_word' id='word_1_216' title='bbox 303 2206 362 2276; x_wconf 76' lang='lat' dir='ltr'>peto</span> <span class='ocrx_word' id='word_1_217' title='bbox 381 2205 535 2276; x_wconf 73' lang='lat' dir='ltr'>priusquam</span> <span class='ocrx_word' id='word_1_218' title='bbox 557 2205 585 2257; x_wconf 91' lang='lat' dir='ltr'>in</span> <span class='ocrx_word' id='word_1_219' title='bbox 602 2212 675 2257; x_wconf 83' lang='lat' dir='ltr'>utero</span> <span class='ocrx_word' id='word_1_220' title='bbox 687 2204 866 2273; x_wconf 79' lang='lat' dir='ltr'>conciperetur</span> <span class='ocrx_word' id='word_1_221' title='bbox 886 2200 961 2274; x_wconf 80' lang='lat' dir='ltr'>(luc.</span> <span class='ocrx_word' id='word_1_222' title='bbox 982 2201 1024 2273; x_wconf 93' lang='grc' dir='ltr'><strong>ιι).</strong></span> <span class='ocrx_word' id='word_1_223' title='bbox 1052 2203 1099 2262; x_wconf 85' lang='lat' dir='ltr'>llln</span> <span class='ocrx_word' id='word_1_224' title='bbox 1113 2189 1137 2248; x_wconf 89' lang='lat' dir='ltr'>B</span> <span class='ocrx_word' id='word_1_225' title='bbox 1150 2201 1276 2257; x_wconf 87' lang='lat' dir='ltr'>minibus.</span> <span class='ocrx_word' id='word_1_226' title='bbox 1288 2201 1345 2258; x_wconf 89' lang='lat' dir='ltr'>llac</span> <span class='ocrx_word' id='word_1_227' title='bbox 1357 2217 1432 2272; x_wconf 71' lang='lat' dir='ltr'>rogo,</span> <span class='ocrx_word' id='word_1_228' title='bbox 1440 2203 1547 2268; x_wconf 85' lang='lat' dir='ltr'>iratres,</span> <span class='ocrx_word' id='word_1_229' title='bbox 1559 2204 1764 2261; x_wconf 81' lang='lat' dir='ltr'>circumcisione</span> <span class='ocrx_word' id='word_1_230' title='bbox 1771 2206 1951 2276; x_wconf 83' lang='lat' dir='ltr'>vosmetipsos</span> 
     </span>
     <span class='ocr_line' id='line_1_18' title="bbox 303 2289 1948 2366; baseline 0 -16"><span class='ocrx_word' id='word_1_231' title='bbox 303 2312 371 2366; x_wconf 88' lang='lat' dir='ltr'>puer</span> <span class='ocrx_word' id='word_1_232' title='bbox 395 2295 519 2351; x_wconf 76' lang='lat' dir='ltr'>uidelicet</span> <span class='ocrx_word' id='word_1_233' title='bbox 546 2295 593 2364; x_wconf 87' lang='lat' dir='ltr'>qui</span> <span class='ocrx_word' id='word_1_234' title='bbox 619 2303 674 2349; x_wconf 76' lang='lat' dir='ltr'>crat</span> <span class='ocrx_word' id='word_1_235' title='bbox 697 2294 724 2347; x_wconf 85' lang='lat' dir='ltr'>iu</span> <span class='ocrx_word' id='word_1_236' title='bbox 748 2294 876 2364; x_wconf 85' lang='lat' dir='ltr'>principio</span> <span class='ocrx_word' id='word_1_237' title='bbox 905 2292 975 2364; x_wconf 89' lang='lat' dir='ltr'>apud</span> <span class='ocrx_word' id='word_1_238' title='bbox 993 2293 1101 2351; x_wconf 86' lang='lat' dir='ltr'>Putrem</span> <span class='ocrx_word' id='word_1_239' title='bbox 1154 2290 1350 2356; x_wconf 88' lang='lat' dir='ltr'>circumcidite,</span> <span class='ocrx_word' id='word_1_240' title='bbox 1365 2299 1397 2346; x_wconf 90' lang='lat' dir='ltr'>ut</span> <span class='ocrx_word' id='word_1_241' title='bbox 1416 2289 1475 2361; x_wconf 83' lang='lat' dir='ltr'>ejus</span> <span class='ocrx_word' id='word_1_242' title='bbox 1499 2291 1558 2348; x_wconf 87' lang='lat' dir='ltr'>lieri</span> <span class='ocrx_word' id='word_1_243' title='bbox 1580 2295 1701 2348; x_wconf 86' lang='lat' dir='ltr'>membra</span> <span class='ocrx_word' id='word_1_244' title='bbox 1717 2294 1886 2357; x_wconf 85' lang='lat' dir='ltr'>mereamini,</span> <span class='ocrx_word' id='word_1_245' title='bbox 1900 2295 1948 2365; x_wconf 84' lang='lat' dir='ltr'>qui</span> 
     </span>
     <span class='ocr_line' id='line_1_19' title="bbox 311 2381 1962 2456; baseline 0 -16"><span class='ocrx_word' id='word_1_246' title='bbox 311 2386 624 2453; x_wconf 65' lang='lat' dir='ltr'>aestumatissimus</span> <span class='ocrx_word' id='word_1_247' title='bbox 647 2384 767 2441; x_wconf 82' lang='lat' dir='ltr'>Verium.</span> <span class='ocrx_word' id='word_1_248' title='bbox 788 2383 845 2442; x_wconf 76' lang='lat' dir='ltr'>Hoc</span> <span class='ocrx_word' id='word_1_249' title='bbox 859 2394 914 2441; x_wconf 87' lang='lat' dir='ltr'>crat</span> <span class='ocrx_word' id='word_1_250' title='bbox 933 2384 960 2440; x_wconf 89' lang='lat' dir='ltr'>in</span> <span class='ocrx_word' id='word_1_251' title='bbox 974 2383 1102 2456; x_wconf 84' lang='lat' dir='ltr'>principio</span> <span class='ocrx_word' id='word_1_252' title='bbox 1154 2381 1235 2438; x_wconf 83' lang='lat' dir='ltr'>bodie</span> <span class='ocrx_word' id='word_1_253' title='bbox 1256 2392 1368 2452; x_wconf 91' lang='lat' dir='ltr'>propter</span> <span class='ocrx_word' id='word_1_254' title='bbox 1391 2398 1440 2438; x_wconf 85' lang='lat' dir='ltr'>nos</span> <span class='ocrx_word' id='word_1_255' title='bbox 1454 2382 1610 2439; x_wconf 85' lang='lat' dir='ltr'>circumcidi</span> <span class='ocrx_word' id='word_1_256' title='bbox 1633 2383 1734 2449; x_wconf 79' lang='lat' dir='ltr'>uoluit,</span> <span class='ocrx_word' id='word_1_257' title='bbox 1751 2393 1777 2442; x_wconf 83' lang='lat' dir='ltr'>st</span> <span class='ocrx_word' id='word_1_258' title='bbox 1790 2400 1888 2440; x_wconf 88' lang='lat' dir='ltr'>nomeu</span> <span class='ocrx_word' id='word_1_259' title='bbox 1902 2399 1962 2441; x_wconf 58' lang='lat' dir='ltr'>aem</span> 
     </span>
     <span class='ocr_line' id='line_1_20' title="bbox 304 2472 1947 2549; baseline -0.001 -18"><span class='ocrx_word' id='word_1_260' title='bbox 304 2478 377 2549; x_wconf 89' lang='lat' dir='ltr'>apud</span> <span class='ocrx_word' id='word_1_261' title='bbox 400 2477 593 2542; x_wconf 76' lang='lat' dir='ltr'>lieum,omnis</span> <span class='ocrx_word' id='word_1_262' title='bbox 606 2477 748 2547; x_wconf 83' lang='lat' dir='ltr'>peripsum</span> <span class='ocrx_word' id='word_1_263' title='bbox 764 2473 836 2545; x_wconf 74' lang='lat' dir='ltr'>[aeto</span> <span class='ocrx_word' id='word_1_264' title='bbox 855 2485 926 2540; x_wconf 90' lang='lat' dir='ltr'>sunt,</span> <span class='ocrx_word' id='word_1_265' title='bbox 939 2484 963 2531; x_wconf 90' lang='lat' dir='ltr'>et</span> <span class='ocrx_word' id='word_1_266' title='bbox 978 2475 1033 2530; x_wconf 76' lang='lat' dir='ltr'>nive</span> <span class='ocrx_word' id='word_1_267' title='bbox 1046 2475 1102 2546; x_wconf 87' lang='lat' dir='ltr'>ipso</span> <span class='ocrx_word' id='word_1_268' title='bbox 1154 2472 1254 2542; x_wconf 84' lang='lat' dir='ltr'>cipere,</span> <span class='ocrx_word' id='word_1_269' title='bbox 1267 2474 1342 2542; x_wconf 82' lang='lat' dir='ltr'>qnod</span> <span class='ocrx_word' id='word_1_270' title='bbox 1358 2473 1433 2543; x_wconf 91' lang='lat' dir='ltr'>prius</span> <span class='ocrx_word' id='word_1_271' title='bbox 1447 2473 1568 2545; x_wconf 75' lang='lat' dir='ltr'>angelica</span> <span class='ocrx_word' id='word_1_272' title='bbox 1582 2473 1616 2528; x_wconf 83' lang='lat' dir='ltr'>de</span> <span class='ocrx_word' id='word_1_273' title='bbox 1637 2488 1670 2537; x_wconf 81' lang='lat' dir='ltr'>co</span> <span class='ocrx_word' id='word_1_274' title='bbox 1690 2473 1872 2544; x_wconf 74' lang='lat' dir='ltr'>precinebant</span> <span class='ocrx_word' id='word_1_275' title='bbox 1882 2490 1947 2534; x_wconf 80' lang='lat' dir='ltr'>osa·</span> 
     </span>
     <span class='ocr_line' id='line_1_21' title="bbox 305 2558 1954 2640; baseline -0.001 -18"><span class='ocrx_word' id='word_1_276' title='bbox 305 2570 455 2640; x_wconf 73' lang='lat' dir='ltr'>factumest</span> <span class='ocrx_word' id='word_1_277' title='bbox 470 2567 535 2621; x_wconf 81' lang='lat' dir='ltr'>nituit</span> <span class='ocrx_word' id='word_1_278' title='bbox 550 2565 642 2638; x_wconf 74' lang='lat' dir='ltr'>(doun.</span> <span class='ocrx_word' id='word_1_279' title='bbox 652 2565 683 2637; x_wconf 93' lang='grc' dir='ltr'>ι).</span> <span class='ocrx_word' id='word_1_280' title='bbox 696 2566 749 2622; x_wconf 86' lang='lat' dir='ltr'>Sed</span> <span class='ocrx_word' id='word_1_281' title='bbox 759 2566 823 2635; x_wconf 87' lang='lat' dir='ltr'>quid</span> <span class='ocrx_word' id='word_1_282' title='bbox 838 2574 879 2620; x_wconf 90' lang='lat' dir='ltr'>cst</span> <span class='ocrx_word' id='word_1_283' title='bbox 891 2566 954 2630; x_wconf 82' lang='lat' dir='ltr'>lsoc,</span> <span class='ocrx_word' id='word_1_284' title='bbox 965 2572 994 2620; x_wconf 93' lang='lat' dir='ltr'>ut</span> <span class='ocrx_word' id='word_1_285' title='bbox 1007 2573 1102 2622; x_wconf 82' lang='lat' dir='ltr'>octava</span> <span class='ocrx_word' id='word_1_286' title='bbox 1153 2560 1223 2621; x_wconf 80' lang='lat' dir='ltr'>enula,</span> <span class='ocrx_word' id='word_1_287' title='bbox 1241 2558 1321 2616; x_wconf 81' lang='lat' dir='ltr'>lesus</span> <span class='ocrx_word' id='word_1_288' title='bbox 1334 2560 1458 2618; x_wconf 84' lang='lat' dir='ltr'>Christus</span> <span class='ocrx_word' id='word_1_289' title='bbox 1472 2560 1591 2617; x_wconf 88' lang='lat' dir='ltr'>salvator</span> <span class='ocrx_word' id='word_1_290' title='bbox 1605 2570 1697 2616; x_wconf 88' lang='lat' dir='ltr'>noster</span> <span class='ocrx_word' id='word_1_291' title='bbox 1708 2576 1716 2614; x_wconf 74' lang='grc' dir='ltr'><em>τ</em></span> <span class='ocrx_word' id='word_1_292' title='bbox 1729 2561 1774 2631; x_wconf 86' lang='lat' dir='ltr'>qni</span> <span class='ocrx_word' id='word_1_293' title='bbox 1789 2578 1850 2618; x_wconf 83' lang='lat' dir='ltr'>cunt</span> <span class='ocrx_word' id='word_1_294' title='bbox 1866 2562 1954 2632; x_wconf 45' lang='lat' dir='ltr'>Patra,</span> 
     </span>
     <span class='ocr_line' id='line_1_22' title="bbox 305 2650 1958 2728; baseline -0.001 -16"><span class='ocrx_word' id='word_1_295' title='bbox 305 2659 352 2714; x_wconf 87' lang='lat' dir='ltr'>dic</span> <span class='ocrx_word' id='word_1_296' title='bbox 362 2658 605 2713; x_wconf 86' lang='lat' dir='ltr'>circumcideretur</span> <span class='ocrx_word' id='word_1_297' title='bbox 618 2671 696 2728; x_wconf 89' lang='lat' dir='ltr'>puer,</span> <span class='ocrx_word' id='word_1_298' title='bbox 710 2656 761 2711; x_wconf 90' lang='lat' dir='ltr'>nisi</span> <span class='ocrx_word' id='word_1_299' title='bbox 775 2656 838 2726; x_wconf 87' lang='lat' dir='ltr'>quia</span> <span class='ocrx_word' id='word_1_300' title='bbox 853 2671 915 2711; x_wconf 90' lang='lat' dir='ltr'>cnm</span> <span class='ocrx_word' id='word_1_301' title='bbox 927 2671 1012 2711; x_wconf 89' lang='lat' dir='ltr'>verns</span> <span class='ocrx_word' id='word_1_302' title='bbox 1029 2662 1103 2711; x_wconf 88' lang='lat' dir='ltr'>essct</span> <span class='ocrx_word' id='word_1_303' title='bbox 1153 2659 1181 2705; x_wconf 89' lang='lat' dir='ltr'>et</span> <span class='ocrx_word' id='word_1_304' title='bbox 1195 2650 1298 2721; x_wconf 82' lang='lat' dir='ltr'>Spiritu</span> <span class='ocrx_word' id='word_1_305' title='bbox 1322 2660 1415 2707; x_wconf 91' lang='lat' dir='ltr'>sancto</span> <span class='ocrx_word' id='word_1_306' title='bbox 1426 2651 1492 2707; x_wconf 87' lang='lat' dir='ltr'>vivit</span> <span class='ocrx_word' id='word_1_307' title='bbox 1506 2660 1539 2706; x_wconf 87' lang='lat' dir='ltr'>ct</span> <span class='ocrx_word' id='word_1_308' title='bbox 1548 2660 1644 2723; x_wconf 79' lang='lat' dir='ltr'>regnat</span> <span class='ocrx_word' id='word_1_309' title='bbox 1662 2651 1796 2725; x_wconf 82' lang='lat' dir='ltr'>licus-per</span> <span class='ocrx_word' id='word_1_310' title='bbox 1812 2654 1904 2712; x_wconf 87' lang='lat' dir='ltr'>omnia</span> <span class='ocrx_word' id='word_1_311' title='bbox 1917 2661 1958 2716; x_wconf 74' lang='lat' dir='ltr'>etz</span> 
     </span>
     <span class='ocr_line' id='line_1_23' title="bbox 306 2742 1494 2819; baseline -0.006 -14"><span class='ocrx_word' id='word_1_312' title='bbox 306 2752 389 2814; x_wconf 76' lang='lat' dir='ltr'>besu,</span> <span class='ocrx_word' id='word_1_313' title='bbox 405 2757 434 2803; x_wconf 90' lang='lat' dir='ltr'>ct</span> <span class='ocrx_word' id='word_1_314' title='bbox 458 2756 517 2803; x_wconf 91' lang='lat' dir='ltr'>crat</span> <span class='ocrx_word' id='word_1_315' title='bbox 534 2763 640 2817; x_wconf 81' lang='lat' dir='ltr'>semper</span> <span class='ocrx_word' id='word_1_316' title='bbox 658 2747 727 2819; x_wconf 91' lang='lat' dir='ltr'>apud</span> <span class='ocrx_word' id='word_1_317' title='bbox 741 2747 868 2803; x_wconf 84' lang='lat' dir='ltr'>Patrem:</span> <span class='ocrx_word' id='word_1_318' title='bbox 893 2747 928 2801; x_wconf 91' lang='lat' dir='ltr'>ita</span> <span class='ocrx_word' id='word_1_319' title='bbox 947 2755 1006 2803; x_wconf 87' lang='lat' dir='ltr'>erat</span> <span class='ocrx_word' id='word_1_320' title='bbox 1023 2762 1103 2804; x_wconf 85' lang='lat' dir='ltr'>verus</span> <span class='ocrx_word' id='word_1_321' title='bbox 1155 2742 1258 2798; x_wconf 82' lang='lat' dir='ltr'>infinita</span> <span class='ocrx_word' id='word_1_322' title='bbox 1273 2742 1381 2799; x_wconf 74' lang='lat' dir='ltr'>secuda.</span> <span class='ocrx_word' id='word_1_323' title='bbox 1397 2742 1494 2798; x_wconf 73' lang='lat' dir='ltr'>Arnen.</span> 
     </span>
     <span class='ocr_line' id='line_1_24' title="bbox 306 2829 1652 2910; baseline -0.008 -13"><span class='ocrx_word' id='word_1_324' title='bbox 306 2843 511 2910; x_wconf 83' lang='lat' dir='ltr'>lvomoproptcr</span> <span class='ocrx_word' id='word_1_325' title='bbox 524 2853 574 2893; x_wconf 91' lang='lat' dir='ltr'>uos</span> <span class='ocrx_word' id='word_1_326' title='bbox 589 2846 718 2893; x_wconf 86' lang='lat' dir='ltr'>etveram</span> <span class='ocrx_word' id='word_1_327' title='bbox 731 2852 839 2892; x_wconf 80' lang='lat' dir='ltr'>carnem</span> <span class='ocrx_word' id='word_1_328' title='bbox 858 2836 975 2904; x_wconf 87' lang='lat' dir='ltr'>suscepit</span> <span class='ocrx_word' id='word_1_329' title='bbox 995 2843 1104 2907; x_wconf 86' lang='lat' dir='ltr'>propter</span> <span class='ocrx_word' id='word_1_330' title='bbox 1443 2829 1585 2889; x_wconf 77' lang='lat' dir='ltr'>uelutis</span> <span class='ocrx_word' id='word_1_331' title='bbox 1597 2832 1652 2889; x_wconf 77' lang='lat' dir='ltr'>rtt.</span> 
     </span>
     <span class='ocr_line' id='line_1_25' title="bbox 306 2925 1708 2986; baseline -0.002 -1"><span class='ocrx_word' id='word_1_332' title='bbox 306 2929 425 2986; x_wconf 87' lang='lat' dir='ltr'>salutem</span> <span class='ocrx_word' id='word_1_333' title='bbox 436 2938 567 2983; x_wconf 86' lang='lat' dir='ltr'>nostram.</span> <span class='ocrx_word' id='word_1_334' title='bbox 590 2926 624 2981; x_wconf 88' lang='lat' dir='ltr'>Et</span> <span class='ocrx_word' id='word_1_335' title='bbox 642 2927 679 2981; x_wconf 92' lang='lat' dir='ltr'>ita</span> <span class='ocrx_word' id='word_1_336' title='bbox 693 2934 752 2980; x_wconf 87' lang='lat' dir='ltr'>erat</span> <span class='ocrx_word' id='word_1_337' title='bbox 772 2925 896 2982; x_wconf 89' lang='lat' dir='ltr'>Cbristus</span> <span class='ocrx_word' id='word_1_338' title='bbox 909 2925 1037 2982; x_wconf 81' lang='lat' dir='ltr'>Dominus</span> <span class='ocrx_word' id='word_1_339' title='bbox 1050 2940 1102 2980; x_wconf 89' lang='lat' dir='ltr'>una</span> <span class='ocrx_word' id='word_1_340' title='bbox 1408 2943 1435 2981; x_wconf 81' lang='lat' dir='ltr'>nv</span> <span class='ocrx_word' id='word_1_341' title='bbox 1452 2942 1593 2982; x_wconf 82' lang='lat' dir='ltr'>surranum</span> <span class='ocrx_word' id='word_1_342' title='bbox 1606 2942 1708 2982; x_wconf 79' lang='lat' dir='ltr'>bonnm</span> 
     </span>
     <span class='ocr_line' id='line_1_26' title="bbox 306 3015 1957 3092; baseline -0.001 -17"><span class='ocrx_word' id='word_1_343' title='bbox 306 3035 424 3092; x_wconf 87' lang='lat' dir='ltr'>persona</span> <span class='ocrx_word' id='word_1_344' title='bbox 438 3019 465 3073; x_wconf 89' lang='lat' dir='ltr'>in</span> <span class='ocrx_word' id='word_1_345' title='bbox 478 3018 582 3074; x_wconf 89' lang='lat' dir='ltr'>duabus</span> <span class='ocrx_word' id='word_1_346' title='bbox 596 3016 766 3081; x_wconf 67' lang='lat' dir='ltr'>substantiis,</span> <span class='ocrx_word' id='word_1_347' title='bbox 788 3016 815 3072; x_wconf 89' lang='lat' dir='ltr'>id</span> <span class='ocrx_word' id='word_1_348' title='bbox 838 3024 881 3073; x_wconf 90' lang='lat' dir='ltr'>est</span> <span class='ocrx_word' id='word_1_349' title='bbox 903 3015 931 3072; x_wconf 94' lang='lat' dir='ltr'>iu</span> <span class='ocrx_word' id='word_1_350' title='bbox 953 3015 1102 3073; x_wconf 84' lang='lat' dir='ltr'>substantio</span> <span class='ocrx_word' id='word_1_351' title='bbox 1190 3015 1281 3087; x_wconf 85' lang='lat' dir='ltr'>Nuper</span> <span class='ocrx_word' id='word_1_352' title='bbox 1301 3016 1499 3072; x_wconf 82' lang='lat' dir='ltr'>solemnitatem</span> <span class='ocrx_word' id='word_1_353' title='bbox 1525 3016 1597 3071; x_wconf 91' lang='lat' dir='ltr'>illam</span> <span class='ocrx_word' id='word_1_354' title='bbox 1620 3016 1826 3083; x_wconf 81' lang='lat' dir='ltr'>celebravimus,</span> <span class='ocrx_word' id='word_1_355' title='bbox 1850 3018 1957 3074; x_wconf 85' lang='lat' dir='ltr'>iratres</span> 
     </span>
     <span class='ocr_line' id='line_1_27' title="bbox 305 3099 1950 3181; baseline 0.001 -14"><span class='ocrx_word' id='word_1_356' title='bbox 305 3112 366 3174; x_wconf 81' lang='lat' dir='ltr'>bei,</span> <span class='ocrx_word' id='word_1_357' title='bbox 385 3119 412 3165; x_wconf 89' lang='lat' dir='ltr'>et</span> <span class='ocrx_word' id='word_1_358' title='bbox 424 3110 450 3165; x_wconf 92' lang='lat' dir='ltr'>in</span> <span class='ocrx_word' id='word_1_359' title='bbox 464 3109 615 3164; x_wconf 86' lang='lat' dir='ltr'>substantia</span> <span class='ocrx_word' id='word_1_360' title='bbox 629 3108 858 3178; x_wconf 84' lang='lat' dir='ltr'>lvominisabsqno</span> <span class='ocrx_word' id='word_1_361' title='bbox 871 3117 1001 3179; x_wconf 73' lang='lat' dir='ltr'>peccato,</span> <span class='ocrx_word' id='word_1_362' title='bbox 1023 3099 1102 3165; x_wconf 84' lang='lat' dir='ltr'>etita</span> <span class='ocrx_word' id='word_1_363' title='bbox 1155 3110 1318 3177; x_wconf 83' lang='lat' dir='ltr'>charissimi,</span> <span class='ocrx_word' id='word_1_364' title='bbox 1343 3126 1396 3181; x_wconf 86' lang='lat' dir='ltr'>qua</span> <span class='ocrx_word' id='word_1_365' title='bbox 1421 3110 1491 3166; x_wconf 79' lang='lat' dir='ltr'>licus</span> <span class='ocrx_word' id='word_1_366' title='bbox 1508 3110 1644 3166; x_wconf 89' lang='lat' dir='ltr'>hominem</span> <span class='ocrx_word' id='word_1_367' title='bbox 1663 3126 1725 3165; x_wconf 90' lang='lat' dir='ltr'>cum</span> <span class='ocrx_word' id='word_1_368' title='bbox 1747 3110 1950 3168; x_wconf 77' lang='lat' dir='ltr'>infirmitatibus</span> 
     </span>
     <span class='ocr_line' id='line_1_28' title="bbox 304 3199 1948 3272; baseline -0.001 -14"><span class='ocrx_word' id='word_1_369' title='bbox 304 3211 349 3258; x_wconf 84' lang='lat' dir='ltr'>cst</span> <span class='ocrx_word' id='word_1_370' title='bbox 366 3216 458 3256; x_wconf 88' lang='lat' dir='ltr'>vemm</span> <span class='ocrx_word' id='word_1_371' title='bbox 483 3200 554 3269; x_wconf 88' lang='lat' dir='ltr'>quod</span> <span class='ocrx_word' id='word_1_372' title='bbox 580 3199 772 3270; x_wconf 83' lang='lat' dir='ltr'>subsequentia</span> <span class='ocrx_word' id='word_1_373' title='bbox 794 3199 931 3271; x_wconf 81' lang='lat' dir='ltr'>Evangelii</span> <span class='ocrx_word' id='word_1_374' title='bbox 951 3199 985 3256; x_wconf 90' lang='lat' dir='ltr'>de</span> <span class='ocrx_word' id='word_1_375' title='bbox 1010 3213 1043 3254; x_wconf 87' lang='lat' dir='ltr'>eo</span> <span class='ocrx_word' id='word_1_376' title='bbox 1059 3208 1100 3256; x_wconf 86' lang='lat' dir='ltr'>te·</span> <span class='ocrx_word' id='word_1_377' title='bbox 1156 3202 1257 3269; x_wconf 86' lang='lat' dir='ltr'>induit;</span> <span class='ocrx_word' id='word_1_378' title='bbox 1273 3217 1306 3257; x_wconf 91' lang='lat' dir='ltr'>ac</span> <span class='ocrx_word' id='word_1_379' title='bbox 1327 3200 1406 3272; x_wconf 93' lang='lat' dir='ltr'>paulo</span> <span class='ocrx_word' id='word_1_380' title='bbox 1426 3208 1488 3272; x_wconf 94' lang='lat' dir='ltr'>post</span> <span class='ocrx_word' id='word_1_381' title='bbox 1505 3201 1575 3271; x_wconf 86' lang='lat' dir='ltr'>quod</span> <span class='ocrx_word' id='word_1_382' title='bbox 1593 3200 1718 3256; x_wconf 87' lang='lat' dir='ltr'>eumdem</span> <span class='ocrx_word' id='word_1_383' title='bbox 1732 3201 1890 3257; x_wconf 89' lang='lat' dir='ltr'>circumcidi</span> <span class='ocrx_word' id='word_1_384' title='bbox 1902 3216 1948 3258; x_wconf 88' lang='lat' dir='ltr'>sc·</span> 
     </span>
     <span class='ocr_line' id='line_1_29' title="bbox 304 3288 1948 3362; baseline -0.002 -13"><span class='ocrx_word' id='word_1_385' title='bbox 304 3303 433 3349; x_wconf 85' lang='lat' dir='ltr'>stanter:</span> <span class='ocrx_word' id='word_1_386' title='bbox 450 3292 485 3349; x_wconf 82' lang='lat' dir='ltr'>Et</span> <span class='ocrx_word' id='word_1_387' title='bbox 498 3293 612 3358; x_wconf 70' lang='lat' dir='ltr'>urium,</span> <span class='ocrx_word' id='word_1_388' title='bbox 630 3292 725 3362; x_wconf 76' lang='lat' dir='ltr'>inquit</span> <span class='ocrx_word' id='word_1_389' title='bbox 743 3307 803 3345; x_wconf 89' lang='lat' dir='ltr'>earo</span> <span class='ocrx_word' id='word_1_390' title='bbox 817 3290 974 3360; x_wconf 66' lang='lat' dir='ltr'>factasunt,</span> <span class='ocrx_word' id='word_1_391' title='bbox 993 3300 1016 3345; x_wconf 89' lang='lat' dir='ltr'>et</span> <span class='ocrx_word' id='word_1_392' title='bbox 1028 3289 1103 3345; x_wconf 81' lang='lat' dir='ltr'>iasii-</span> <span class='ocrx_word' id='word_1_393' title='bbox 1156 3290 1275 3346; x_wconf 88' lang='lat' dir='ltr'>cundum</span> <span class='ocrx_word' id='word_1_394' title='bbox 1290 3290 1376 3362; x_wconf 82' lang='lat' dir='ltr'>legem</span> <span class='ocrx_word' id='word_1_395' title='bbox 1388 3290 1482 3346; x_wconf 82' lang='lat' dir='ltr'>uoluit.</span> <span class='ocrx_word' id='word_1_396' title='bbox 1500 3288 1579 3345; x_wconf 85' lang='lat' dir='ltr'>blodo</span> <span class='ocrx_word' id='word_1_397' title='bbox 1594 3304 1660 3345; x_wconf 87' lang='lat' dir='ltr'>vero</span> <span class='ocrx_word' id='word_1_398' title='bbox 1674 3289 1738 3344; x_wconf 90' lang='lat' dir='ltr'>illud</span> <span class='ocrx_word' id='word_1_399' title='bbox 1753 3291 1903 3347; x_wconf 81' lang='lat' dir='ltr'>excolimus</span> <span class='ocrx_word' id='word_1_400' title='bbox 1915 3306 1948 3347; x_wconf 88' lang='lat' dir='ltr'>aa</span> 
     </span>
     <span class='ocr_line' id='line_1_30' title="bbox 305 3380 1961 3454; baseline 0.001 -17"><span class='ocrx_word' id='word_1_401' title='bbox 305 3385 373 3438; x_wconf 85' lang='lat' dir='ltr'>rasit</span> <span class='ocrx_word' id='word_1_402' title='bbox 390 3384 416 3437; x_wconf 89' lang='lat' dir='ltr'>iu</span> <span class='ocrx_word' id='word_1_403' title='bbox 427 3384 512 3437; x_wconf 81' lang='lat' dir='ltr'>uotis.</span> <span class='ocrx_word' id='word_1_404' title='bbox 527 3382 596 3450; x_wconf 81' lang='lat' dir='ltr'>Quia</span> <span class='ocrx_word' id='word_1_405' title='bbox 611 3382 693 3454; x_wconf 77' lang='lat' dir='ltr'>igitur</span> <span class='ocrx_word' id='word_1_406' title='bbox 714 3381 878 3451; x_wconf 88' lang='lat' dir='ltr'>llcdcmptor</span> <span class='ocrx_word' id='word_1_407' title='bbox 901 3392 993 3438; x_wconf 89' lang='lat' dir='ltr'>noster</span> <span class='ocrx_word' id='word_1_408' title='bbox 1006 3380 1039 3435; x_wconf 91' lang='lat' dir='ltr'>ad</span> <span class='ocrx_word' id='word_1_409' title='bbox 1052 3381 1104 3436; x_wconf 90' lang='lat' dir='ltr'>boc</span> <span class='ocrx_word' id='word_1_410' title='bbox 1156 3383 1254 3440; x_wconf 91' lang='lat' dir='ltr'>divinis</span> <span class='ocrx_word' id='word_1_411' title='bbox 1266 3383 1389 3439; x_wconf 89' lang='lat' dir='ltr'>laudibus</span> <span class='ocrx_word' id='word_1_412' title='bbox 1401 3397 1573 3448; x_wconf 89' lang='lat' dir='ltr'>veneramur,</span> <span class='ocrx_word' id='word_1_413' title='bbox 1587 3381 1659 3452; x_wconf 90' lang='lat' dir='ltr'>quod</span> <span class='ocrx_word' id='word_1_414' title='bbox 1674 3396 1702 3437; x_wconf 86' lang='lat' dir='ltr'>sc</span> <span class='ocrx_word' id='word_1_415' title='bbox 1718 3382 1744 3436; x_wconf 92' lang='lat' dir='ltr'>in</span> <span class='ocrx_word' id='word_1_416' title='bbox 1758 3381 1866 3438; x_wconf 88' lang='lat' dir='ltr'>lvomiuc</span> <span class='ocrx_word' id='word_1_417' title='bbox 1879 3383 1961 3442; x_wconf 78' lang='grc' dir='ltr'><strong>ὓαιιι.</strong></span> 
     </span>
     <span class='ocr_line' id='line_1_31' title="bbox 306 3471 1951 3543; baseline 0.002 -16"><span class='ocrx_word' id='word_1_418' title='bbox 306 3475 336 3528; x_wconf 91' lang='lat' dir='ltr'>in</span> <span class='ocrx_word' id='word_1_419' title='bbox 356 3474 459 3528; x_wconf 87' lang='lat' dir='ltr'>urundo</span> <span class='ocrx_word' id='word_1_420' title='bbox 480 3473 554 3528; x_wconf 92' lang='lat' dir='ltr'>nasci</span> <span class='ocrx_word' id='word_1_421' title='bbox 574 3472 669 3539; x_wconf 90' lang='lat' dir='ltr'>voluit,</span> <span class='ocrx_word' id='word_1_422' title='bbox 690 3480 720 3527; x_wconf 91' lang='lat' dir='ltr'>ut</span> <span class='ocrx_word' id='word_1_423' title='bbox 740 3472 886 3527; x_wconf 88' lang='lat' dir='ltr'>secundum</span> <span class='ocrx_word' id='word_1_424' title='bbox 907 3485 1005 3528; x_wconf 87' lang='lat' dir='ltr'>nomen</span> <span class='ocrx_word' id='word_1_425' title='bbox 1025 3486 1104 3527; x_wconf 89' lang='lat' dir='ltr'>suum</span> <span class='ocrx_word' id='word_1_426' title='bbox 1156 3474 1301 3530; x_wconf 86' lang='lat' dir='ltr'>virtutibus</span> <span class='ocrx_word' id='word_1_427' title='bbox 1314 3473 1471 3529; x_wconf 89' lang='lat' dir='ltr'>declaravit.</span> <span class='ocrx_word' id='word_1_428' title='bbox 1496 3472 1560 3528; x_wconf 80' lang='lat' dir='ltr'>lime</span> <span class='ocrx_word' id='word_1_429' title='bbox 1573 3488 1679 3543; x_wconf 82' lang='lat' dir='ltr'>quoque</span> <span class='ocrx_word' id='word_1_430' title='bbox 1699 3471 1831 3529; x_wconf 86' lang='lat' dir='ltr'>testivitas</span> <span class='ocrx_word' id='word_1_431' title='bbox 1854 3472 1951 3535; x_wconf 79' lang='lat' dir='ltr'>Graeco</span> 
     </span>
     <span class='ocr_line' id='line_1_32' title="bbox 304 3548 1952 3638; baseline 0 -19"><span class='ocrx_word' id='word_1_432' title='bbox 304 3581 393 3636; x_wconf 77' lang='lat' dir='ltr'>genus</span> <span class='ocrx_word' id='word_1_433' title='bbox 405 3563 523 3619; x_wconf 76' lang='lat' dir='ltr'>salvaret</span> <span class='ocrx_word' id='word_1_434' title='bbox 534 3564 692 3629; x_wconf 86' lang='lat' dir='ltr'>humanum,</span> <span class='ocrx_word' id='word_1_435' title='bbox 706 3563 851 3633; x_wconf 81' lang='lat' dir='ltr'>unicmque</span> <span class='ocrx_word' id='word_1_436' title='bbox 874 3563 962 3618; x_wconf 92' lang='lat' dir='ltr'>ordini</span> <span class='ocrx_word' id='word_1_437' title='bbox 984 3577 1013 3619; x_wconf 91' lang='lat' dir='ltr'>sc</span> <span class='ocrx_word' id='word_1_438' title='bbox 1030 3578 1104 3618; x_wconf 91' lang='lat' dir='ltr'>com-</span> <span class='ocrx_word' id='word_1_439' title='bbox 1117 3548 1141 3611; x_wconf 83' lang='lat' dir='ltr'>C</span> <span class='ocrx_word' id='word_1_440' title='bbox 1155 3564 1286 3621; x_wconf 83' lang='lat' dir='ltr'>uocabulo</span> <span class='ocrx_word' id='word_1_441' title='bbox 1303 3563 1451 3634; x_wconf 85' lang='lat' dir='ltr'>Epiphania</span> <span class='ocrx_word' id='word_1_442' title='bbox 1476 3573 1663 3633; x_wconf 78' lang='lat' dir='ltr'>nuncupaturs</span> <span class='ocrx_word' id='word_1_443' title='bbox 1683 3564 1754 3633; x_wconf 86' lang='lat' dir='ltr'>quod</span> <span class='ocrx_word' id='word_1_444' title='bbox 1767 3580 1817 3619; x_wconf 90' lang='lat' dir='ltr'>nos</span> <span class='ocrx_word' id='word_1_445' title='bbox 1839 3565 1952 3638; x_wconf 65' lang='lat' dir='ltr'>menite-</span> 
     </span>
     <span class='ocr_line' id='line_1_33' title="bbox 304 3654 1953 3727; baseline 0.002 -17"><span class='ocrx_word' id='word_1_446' title='bbox 304 3665 431 3726; x_wconf 89' lang='lat' dir='ltr'>petcutcr</span> <span class='ocrx_word' id='word_1_447' title='bbox 444 3656 556 3727; x_wconf 87' lang='lat' dir='ltr'>aptavit.</span> <span class='ocrx_word' id='word_1_448' title='bbox 571 3655 734 3711; x_wconf 74' lang='lat' dir='ltr'>circumcidi</span> <span class='ocrx_word' id='word_1_449' title='bbox 751 3656 898 3710; x_wconf 89' lang='lat' dir='ltr'>secundum</span> <span class='ocrx_word' id='word_1_450' title='bbox 910 3655 995 3724; x_wconf 78' lang='lat' dir='ltr'>legem</span> <span class='ocrx_word' id='word_1_451' title='bbox 1009 3654 1105 3721; x_wconf 84' lang='lat' dir='ltr'>voluit,</span> <span class='ocrx_word' id='word_1_452' title='bbox 1154 3658 1291 3714; x_wconf 89' lang='lat' dir='ltr'>stationem</span> <span class='ocrx_word' id='word_1_453' title='bbox 1307 3656 1478 3726; x_wconf 87' lang='lat' dir='ltr'>interpretari</span> <span class='ocrx_word' id='word_1_454' title='bbox 1490 3670 1644 3726; x_wconf 87' lang='lat' dir='ltr'>possumus,</span> <span class='ocrx_word' id='word_1_455' title='bbox 1660 3671 1708 3726; x_wconf 94' lang='lat' dir='ltr'>pro</span> <span class='ocrx_word' id='word_1_456' title='bbox 1723 3671 1757 3711; x_wconf 87' lang='lat' dir='ltr'>eo</span> <span class='ocrx_word' id='word_1_457' title='bbox 1775 3656 1846 3726; x_wconf 86' lang='lat' dir='ltr'>quod</span> <span class='ocrx_word' id='word_1_458' title='bbox 1857 3656 1883 3710; x_wconf 93' lang='lat' dir='ltr'>iu</span> <span class='ocrx_word' id='word_1_459' title='bbox 1898 3656 1953 3714; x_wconf 81' lang='lat' dir='ltr'>lise</span> 
     </span>
     <span class='ocr_line' id='line_1_34' title="bbox 306 3745 1949 3817; baseline 0.002 -16"><span class='ocrx_word' id='word_1_460' title='bbox 306 3756 339 3801; x_wconf 91' lang='lat' dir='ltr'>ut</span> <span class='ocrx_word' id='word_1_461' title='bbox 355 3748 461 3816; x_wconf 87' lang='lat' dir='ltr'>eosqui</span> <span class='ocrx_word' id='word_1_462' title='bbox 480 3746 601 3817; x_wconf 79' lang='lat' dir='ltr'>sublege</span> <span class='ocrx_word' id='word_1_463' title='bbox 621 3755 700 3801; x_wconf 86' lang='lat' dir='ltr'>erant</span> <span class='ocrx_word' id='word_1_464' title='bbox 718 3746 872 3802; x_wconf 88' lang='lat' dir='ltr'>redimeret.</span> <span class='ocrx_word' id='word_1_465' title='bbox 888 3746 996 3802; x_wconf 90' lang='lat' dir='ltr'>llostias</span> <span class='ocrx_word' id='word_1_466' title='bbox 1007 3762 1057 3817; x_wconf 92' lang='lat' dir='ltr'>pro</span> <span class='ocrx_word' id='word_1_467' title='bbox 1073 3761 1105 3804; x_wconf 87' lang='lat' dir='ltr'>se</span> <span class='ocrx_word' id='word_1_468' title='bbox 1155 3747 1242 3806; x_wconf 81' lang='lat' dir='ltr'>diade</span> <span class='ocrx_word' id='word_1_469' title='bbox 1256 3745 1326 3800; x_wconf 83' lang='lat' dir='ltr'>emto</span> <span class='ocrx_word' id='word_1_470' title='bbox 1339 3745 1424 3801; x_wconf 74' lang='lat' dir='ltr'>stella</span> <span class='ocrx_word' id='word_1_471' title='bbox 1445 3753 1521 3801; x_wconf 89' lang='lat' dir='ltr'>ortus</span> <span class='ocrx_word' id='word_1_472' title='bbox 1535 3745 1625 3801; x_wconf 84' lang='lat' dir='ltr'>diuina</span> <span class='ocrx_word' id='word_1_473' title='bbox 1650 3745 1744 3800; x_wconf 88' lang='lat' dir='ltr'>nuntia</span> <span class='ocrx_word' id='word_1_474' title='bbox 1765 3746 1890 3816; x_wconf 84' lang='lat' dir='ltr'>praebuit,</span> <span class='ocrx_word' id='word_1_475' title='bbox 1914 3760 1949 3804; x_wconf 84' lang='lat' dir='ltr'>ss</span> 
     </span>
     <span class='ocr_line' id='line_1_35' title="bbox 307 3835 1947 3909; baseline 0.001 -17"><span class='ocrx_word' id='word_1_476' title='bbox 307 3838 402 3907; x_wconf 84' lang='lat' dir='ltr'>templi</span> <span class='ocrx_word' id='word_1_477' title='bbox 417 3837 548 3892; x_wconf 83' lang='lat' dir='ltr'>Dominus</span> <span class='ocrx_word' id='word_1_478' title='bbox 571 3853 623 3891; x_wconf 92' lang='lat' dir='ltr'>non</span> <span class='ocrx_word' id='word_1_479' title='bbox 640 3838 744 3907; x_wconf 89' lang='lat' dir='ltr'>respuit</span> <span class='ocrx_word' id='word_1_480' title='bbox 755 3835 859 3901; x_wconf 81' lang='lat' dir='ltr'>offerri,</span> <span class='ocrx_word' id='word_1_481' title='bbox 883 3845 913 3891; x_wconf 90' lang='lat' dir='ltr'>ut</span> <span class='ocrx_word' id='word_1_482' title='bbox 937 3851 1030 3893; x_wconf 89' lang='lat' dir='ltr'>eorum</span> <span class='ocrx_word' id='word_1_483' title='bbox 1051 3837 1105 3893; x_wconf 82' lang='lat' dir='ltr'>lic-</span> <span class='ocrx_word' id='word_1_484' title='bbox 1155 3837 1246 3909; x_wconf 76' lang='lat' dir='ltr'>liugos</span> <span class='ocrx_word' id='word_1_485' title='bbox 1260 3836 1403 3907; x_wconf 80' lang='lat' dir='ltr'>diligenter</span> <span class='ocrx_word' id='word_1_486' title='bbox 1424 3845 1577 3906; x_wconf 75' lang='lat' dir='ltr'>quarentes</span> <span class='ocrx_word' id='word_1_487' title='bbox 1595 3835 1629 3894; x_wconf 89' lang='lat' dir='ltr'>ad</span> <span class='ocrx_word' id='word_1_488' title='bbox 1648 3835 1780 3893; x_wconf 79' lang='lat' dir='ltr'>euvrabula</span> <span class='ocrx_word' id='word_1_489' title='bbox 1800 3837 1947 3908; x_wconf 83' lang='lat' dir='ltr'>perduxit:</span> 
     </span>
     <span class='ocr_line' id='line_1_36' title="bbox 309 3926 1951 3999; baseline 0.002 -17"><span class='ocrx_word' id='word_1_490' title='bbox 309 3928 435 3997; x_wconf 89' lang='lat' dir='ltr'>demptor</span> <span class='ocrx_word' id='word_1_491' title='bbox 449 3935 593 3997; x_wconf 85' lang='lat' dir='ltr'>appareret</span> <span class='ocrx_word' id='word_1_492' title='bbox 619 3926 664 3996; x_wconf 81' lang='lat' dir='ltr'>quui</span> <span class='ocrx_word' id='word_1_493' title='bbox 687 3926 720 3979; x_wconf 94' lang='lat' dir='ltr'>ab</span> <span class='ocrx_word' id='word_1_494' title='bbox 742 3926 852 3980; x_wconf 80' lang='lat' dir='ltr'>exordio</span> <span class='ocrx_word' id='word_1_495' title='bbox 870 3928 960 3982; x_wconf 80' lang='lat' dir='ltr'>nurnudi</span> <span class='ocrx_word' id='word_1_496' title='bbox 975 3926 1103 3997; x_wconf 83' lang='lat' dir='ltr'>usquead</span> <span class='ocrx_word' id='word_1_497' title='bbox 1155 3930 1212 3987; x_wconf 85' lang='lat' dir='ltr'>sive</span> <span class='ocrx_word' id='word_1_498' title='bbox 1231 3928 1346 3999; x_wconf 83' lang='lat' dir='ltr'>quadiu</span> <span class='ocrx_word' id='word_1_499' title='bbox 1364 3927 1491 3984; x_wconf 82' lang='lat' dir='ltr'>Jordanis</span> <span class='ocrx_word' id='word_1_500' title='bbox 1512 3928 1592 3984; x_wconf 90' lang='lat' dir='ltr'>undis</span> <span class='ocrx_word' id='word_1_501' title='bbox 1613 3928 1737 3984; x_wconf 82' lang='lat' dir='ltr'>Salvator</span> <span class='ocrx_word' id='word_1_502' title='bbox 1755 3944 1886 3998; x_wconf 83' lang='lat' dir='ltr'>aquarum</span> <span class='ocrx_word' id='word_1_503' title='bbox 1900 3944 1951 3986; x_wconf 80' lang='lat' dir='ltr'>ns·</span> 
     </span>
     <span class='ocr_line' id='line_1_37' title="bbox 307 4016 1950 4091; baseline 0.001 -17"><span class='ocrx_word' id='word_1_504' title='bbox 307 4031 431 4091; x_wconf 88' lang='lat' dir='ltr'>tempora</span> <span class='ocrx_word' id='word_1_505' title='bbox 446 4020 517 4075; x_wconf 69' lang='lat' dir='ltr'>datae</span> <span class='ocrx_word' id='word_1_506' title='bbox 541 4018 764 4082; x_wconf 85' lang='lat' dir='ltr'>circumcisionis,</span> <span class='ocrx_word' id='word_1_507' title='bbox 789 4018 831 4073; x_wconf 86' lang='lat' dir='ltr'>vel</span> <span class='ocrx_word' id='word_1_508' title='bbox 855 4027 916 4088; x_wconf 91' lang='lat' dir='ltr'>post</span> <span class='ocrx_word' id='word_1_509' title='bbox 941 4018 1030 4073; x_wconf 74' lang='lat' dir='ltr'>alatam</span> <span class='ocrx_word' id='word_1_510' title='bbox 1050 4020 1104 4077; x_wconf 90' lang='lat' dir='ltr'>cir·</span> <span class='ocrx_word' id='word_1_511' title='bbox 1155 4027 1242 4072; x_wconf 93' lang='lat' dir='ltr'>turam</span> <span class='ocrx_word' id='word_1_512' title='bbox 1255 4018 1289 4071; x_wconf 92' lang='lat' dir='ltr'>ad</span> <span class='ocrx_word' id='word_1_513' title='bbox 1304 4016 1502 4086; x_wconf 88' lang='lat' dir='ltr'>reparationem</span> <span class='ocrx_word' id='word_1_514' title='bbox 1514 4016 1624 4073; x_wconf 89' lang='lat' dir='ltr'>bomani</span> <span class='ocrx_word' id='word_1_515' title='bbox 1637 4018 1743 4087; x_wconf 76' lang='lat' dir='ltr'>pencris</span> <span class='ocrx_word' id='word_1_516' title='bbox 1754 4033 1803 4073; x_wconf 89' lang='lat' dir='ltr'>suo</span> <span class='ocrx_word' id='word_1_517' title='bbox 1814 4017 1950 4088; x_wconf 82' lang='lat' dir='ltr'>baptismo</span> 
     </span>
     <span class='ocr_line' id='line_1_38' title="bbox 237 4104 1950 4179; baseline -0.001 -14"><span class='ocrx_word' id='word_1_518' title='bbox 237 4153 240 4157; x_wconf 92' lang='lat'>.</span> <span class='ocrx_word' id='word_1_519' title='bbox 307 4111 513 4174; x_wconf 89' lang='lat' dir='ltr'>cumcisioncm,</span> <span class='ocrx_word' id='word_1_520' title='bbox 528 4109 562 4164; x_wconf 90' lang='lat' dir='ltr'>de</span> <span class='ocrx_word' id='word_1_521' title='bbox 578 4108 637 4163; x_wconf 90' lang='lat' dir='ltr'>aliis</span> <span class='ocrx_word' id='word_1_522' title='bbox 652 4108 806 4164; x_wconf 87' lang='lat' dir='ltr'>nationibus</span> <span class='ocrx_word' id='word_1_523' title='bbox 818 4108 874 4164; x_wconf 86' lang='lat' dir='ltr'>Deo</span> <span class='ocrx_word' id='word_1_524' title='bbox 893 4109 1061 4179; x_wconf 91' lang='lat' dir='ltr'>placuerunt,</span> <span class='ocrx_word' id='word_1_525' title='bbox 1076 4118 1104 4165; x_wconf 87' lang='lat' dir='ltr'>et</span> <span class='ocrx_word' id='word_1_526' title='bbox 1154 4108 1331 4171; x_wconf 85' lang='lat' dir='ltr'>consecravit,</span> <span class='ocrx_word' id='word_1_527' title='bbox 1351 4121 1383 4160; x_wconf 93' lang='lat' dir='ltr'>ac</span> <span class='ocrx_word' id='word_1_528' title='bbox 1402 4104 1519 4175; x_wconf 86' lang='lat' dir='ltr'>Spiritus</span> <span class='ocrx_word' id='word_1_529' title='bbox 1539 4105 1627 4161; x_wconf 88' lang='lat' dir='ltr'>sancti</span> <span class='ocrx_word' id='word_1_530' title='bbox 1647 4106 1764 4162; x_wconf 86' lang='lat' dir='ltr'>adventu</span> <span class='ocrx_word' id='word_1_531' title='bbox 1788 4115 1816 4162; x_wconf 89' lang='lat' dir='ltr'>et</span> <span class='ocrx_word' id='word_1_532' title='bbox 1829 4117 1950 4178; x_wconf 79' lang='lat' dir='ltr'>paternas</span> 
     </span>
     <span class='ocr_line' id='line_1_39' title="bbox 307 4196 1949 4270; baseline 0.002 -17"><span class='ocrx_word' id='word_1_533' title='bbox 307 4203 349 4254; x_wconf 79' lang='lat' dir='ltr'>vel</span> <span class='ocrx_word' id='word_1_534' title='bbox 363 4202 513 4257; x_wconf 83' lang='lat' dir='ltr'>hostiarum</span> <span class='ocrx_word' id='word_1_535' title='bbox 527 4200 717 4262; x_wconf 86' lang='lat' dir='ltr'>oblationibus,</span> <span class='ocrx_word' id='word_1_536' title='bbox 737 4199 778 4254; x_wconf 89' lang='lat' dir='ltr'>vel</span> <span class='ocrx_word' id='word_1_537' title='bbox 798 4209 871 4256; x_wconf 89' lang='lat' dir='ltr'>corte</span> <span class='ocrx_word' id='word_1_538' title='bbox 892 4201 948 4256; x_wconf 89' lang='lat' dir='ltr'>sola</span> <span class='ocrx_word' id='word_1_539' title='bbox 965 4200 1027 4256; x_wconf 87' lang='lat' dir='ltr'>tidei</span> <span class='ocrx_word' id='word_1_540' title='bbox 1049 4201 1104 4257; x_wconf 85' lang='lat' dir='ltr'>uir·</span> <span class='ocrx_word' id='word_1_541' title='bbox 1154 4199 1229 4253; x_wconf 88' lang='lat' dir='ltr'>vocis</span> <span class='ocrx_word' id='word_1_542' title='bbox 1251 4197 1386 4266; x_wconf 77' lang='lat' dir='ltr'>pracouto</span> <span class='ocrx_word' id='word_1_543' title='bbox 1402 4211 1482 4250; x_wconf 81' lang='lat' dir='ltr'>rems</span> <span class='ocrx_word' id='word_1_544' title='bbox 1500 4196 1570 4251; x_wconf 83' lang='lat' dir='ltr'>Deus</span> <span class='ocrx_word' id='word_1_545' title='bbox 1597 4196 1729 4253; x_wconf 90' lang='lat' dir='ltr'>innotuit:</span> <span class='ocrx_word' id='word_1_546' title='bbox 1754 4199 1811 4255; x_wconf 90' lang='lat' dir='ltr'>sive</span> <span class='ocrx_word' id='word_1_547' title='bbox 1834 4200 1949 4270; x_wconf 85' lang='lat' dir='ltr'>quadiu</span> 
     </span>
     <span class='ocr_line' id='line_1_40' title="bbox 307 4288 1949 4361; baseline 0.003 -18"><span class='ocrx_word' id='word_1_548' title='bbox 307 4301 364 4345; x_wconf 87' lang='lat' dir='ltr'>tute</span> <span class='ocrx_word' id='word_1_549' title='bbox 377 4308 442 4346; x_wconf 88' lang='lat' dir='ltr'>suas</span> <span class='ocrx_word' id='word_1_550' title='bbox 466 4305 631 4360; x_wconf 83' lang='lat' dir='ltr'>suorumque</span> <span class='ocrx_word' id='word_1_551' title='bbox 649 4291 753 4345; x_wconf 88' lang='lat' dir='ltr'>animas</span> <span class='ocrx_word' id='word_1_552' title='bbox 775 4288 897 4346; x_wconf 87' lang='lat' dir='ltr'>Creatori</span> <span class='ocrx_word' id='word_1_553' title='bbox 911 4291 1103 4347; x_wconf 89' lang='lat' dir='ltr'>commcndan-</span> <span class='ocrx_word' id='word_1_554' title='bbox 1154 4289 1228 4346; x_wconf 80' lang='lat' dir='ltr'>Caura</span> <span class='ocrx_word' id='word_1_555' title='bbox 1241 4288 1356 4344; x_wconf 82' lang='lat' dir='ltr'>Galilacm</span> <span class='ocrx_word' id='word_1_556' title='bbox 1376 4288 1403 4343; x_wconf 93' lang='lat' dir='ltr'>in</span> <span class='ocrx_word' id='word_1_557' title='bbox 1416 4288 1541 4343; x_wconf 89' lang='lat' dir='ltr'>convivio</span> <span class='ocrx_word' id='word_1_558' title='bbox 1554 4289 1679 4357; x_wconf 91' lang='lat' dir='ltr'>nuptiali,</span> <span class='ocrx_word' id='word_1_559' title='bbox 1696 4306 1793 4361; x_wconf 87' lang='lat' dir='ltr'>aquam</span> <span class='ocrx_word' id='word_1_560' title='bbox 1814 4292 1841 4346; x_wconf 91' lang='lat' dir='ltr'>in</span> <span class='ocrx_word' id='word_1_561' title='bbox 1856 4293 1949 4348; x_wconf 88' lang='lat' dir='ltr'>vinum</span> 
     </span>
     <span class='ocr_line' id='line_1_41' title="bbox 307 4380 1952 4454; baseline 0.001 -16"><span class='ocrx_word' id='word_1_562' title='bbox 307 4392 358 4446; x_wconf 87' lang='lat' dir='ltr'>tes,</span> <span class='ocrx_word' id='word_1_563' title='bbox 375 4401 390 4437; x_wconf 88' lang='lat' dir='ltr'>a</span> <span class='ocrx_word' id='word_1_564' title='bbox 406 4384 488 4454; x_wconf 93' lang='lat' dir='ltr'>primi</span> <span class='ocrx_word' id='word_1_565' title='bbox 503 4391 595 4439; x_wconf 88' lang='lat' dir='ltr'>reatus</span> <span class='ocrx_word' id='word_1_566' title='bbox 617 4382 730 4437; x_wconf 88' lang='lat' dir='ltr'>vinculis</span> <span class='ocrx_word' id='word_1_567' title='bbox 752 4382 892 4439; x_wconf 85' lang='lat' dir='ltr'>absolvere</span> <span class='ocrx_word' id='word_1_568' title='bbox 907 4382 1046 4439; x_wconf 82' lang='lat' dir='ltr'>curalnnt</span> <span class='ocrx_word' id='word_1_569' title='bbox 1061 4382 1104 4439; x_wconf 87' lang='lat' dir='ltr'>lld</span> <span class='ocrx_word' id='word_1_570' title='bbox 1154 4382 1307 4448; x_wconf 89' lang='lat' dir='ltr'>convertit;</span> <span class='ocrx_word' id='word_1_571' title='bbox 1323 4389 1360 4446; x_wconf 91' lang='lat' dir='ltr'>ct,</span> <span class='ocrx_word' id='word_1_572' title='bbox 1383 4380 1453 4436; x_wconf 91' lang='lat' dir='ltr'>sicut</span> <span class='ocrx_word' id='word_1_573' title='bbox 1476 4381 1651 4453; x_wconf 84' lang='lat' dir='ltr'>Evangelimn</span> <span class='ocrx_word' id='word_1_574' title='bbox 1675 4390 1802 4449; x_wconf 88' lang='lat' dir='ltr'>testatur,</span> <span class='ocrx_word' id='word_1_575' title='bbox 1824 4384 1902 4440; x_wconf 92' lang='lat' dir='ltr'>initio</span> <span class='ocrx_word' id='word_1_576' title='bbox 1913 4385 1952 4440; x_wconf 86' lang='lat' dir='ltr'>si-</span> 
     </span>
     <span class='ocr_line' id='line_1_42' title="bbox 307 4472 1950 4545; baseline 0.004 -18"><span class='ocrx_word' id='word_1_577' title='bbox 307 4485 591 4542; x_wconf 77' lang='lat' dir='ltr'>extremumqnoqoc,</span> <span class='ocrx_word' id='word_1_578' title='bbox 613 4473 641 4527; x_wconf 90' lang='lat' dir='ltr'>id</span> <span class='ocrx_word' id='word_1_579' title='bbox 663 4473 776 4543; x_wconf 88' lang='lat' dir='ltr'>estjam</span> <span class='ocrx_word' id='word_1_580' title='bbox 797 4472 933 4528; x_wconf 86' lang='lat' dir='ltr'>tricesimo</span> <span class='ocrx_word' id='word_1_581' title='bbox 947 4474 1035 4529; x_wconf 70' lang='lat' dir='ltr'>aetatis</span> <span class='ocrx_word' id='word_1_582' title='bbox 1048 4489 1104 4530; x_wconf 73' lang='lat' dir='ltr'>suae</span> <span class='ocrx_word' id='word_1_583' title='bbox 1154 4490 1269 4545; x_wconf 75' lang='lat' dir='ltr'>gnosum</span> <span class='ocrx_word' id='word_1_584' title='bbox 1292 4489 1400 4530; x_wconf 88' lang='lat' dir='ltr'>suorum</span> <span class='ocrx_word' id='word_1_585' title='bbox 1421 4472 1606 4530; x_wconf 77' lang='lat' dir='ltr'>manifestavit</span> <span class='ocrx_word' id='word_1_586' title='bbox 1620 4474 1733 4545; x_wconf 77' lang='lat' dir='ltr'>gloriam</span> <span class='ocrx_word' id='word_1_587' title='bbox 1749 4491 1837 4543; x_wconf 78' lang='lat' dir='ltr'>suam,</span> <span class='ocrx_word' id='word_1_588' title='bbox 1850 4484 1878 4532; x_wconf 85' lang='lat' dir='ltr'>et</span> <span class='ocrx_word' id='word_1_589' title='bbox 1891 4491 1950 4533; x_wconf 82' lang='lat' dir='ltr'>cre·</span> 
     </span>
     <span class='ocr_line' id='line_1_43' title="bbox 307 4560 1949 4638; baseline 0.005 -23"><span class='ocrx_word' id='word_1_590' title='bbox 307 4577 391 4626; x_wconf 79' lang='lat' dir='ltr'>atino,</span> <span class='ocrx_word' id='word_1_591' title='bbox 403 4562 556 4632; x_wconf 87' lang='lat' dir='ltr'>baptizatus</span> <span class='ocrx_word' id='word_1_592' title='bbox 575 4578 590 4616; x_wconf 91' lang='lat' dir='ltr'>a</span> <span class='ocrx_word' id='word_1_593' title='bbox 611 4560 725 4628; x_wconf 80' lang='lat' dir='ltr'>loanne,</span> <span class='ocrx_word' id='word_1_594' title='bbox 739 4573 769 4618; x_wconf 91' lang='lat' dir='ltr'>ut</span> <span class='ocrx_word' id='word_1_595' title='bbox 783 4564 981 4619; x_wconf 87' lang='lat' dir='ltr'>demonstraret</span> <span class='ocrx_word' id='word_1_596' title='bbox 1004 4573 1104 4621; x_wconf 74' lang='lat' dir='ltr'>nostrae</span> <span class='ocrx_word' id='word_1_597' title='bbox 1154 4564 1280 4619; x_wconf 90' lang='lat' dir='ltr'>dideruut</span> <span class='ocrx_word' id='word_1_598' title='bbox 1295 4564 1322 4619; x_wconf 91' lang='lat' dir='ltr'>in</span> <span class='ocrx_word' id='word_1_599' title='bbox 1332 4579 1395 4618; x_wconf 87' lang='lat' dir='ltr'>enm</span> <span class='ocrx_word' id='word_1_600' title='bbox 1406 4564 1529 4633; x_wconf 88' lang='lat' dir='ltr'>discipuli</span> <span class='ocrx_word' id='word_1_601' title='bbox 1540 4563 1613 4632; x_wconf 78' lang='lat' dir='ltr'>cius:</span> <span class='ocrx_word' id='word_1_602' title='bbox 1630 4566 1687 4621; x_wconf 87' lang='lat' dir='ltr'>sive</span> <span class='ocrx_word' id='word_1_603' title='bbox 1698 4567 1887 4636; x_wconf 82' lang='lat' dir='ltr'>quiaquinque</span> <span class='ocrx_word' id='word_1_604' title='bbox 1900 4582 1949 4638; x_wconf 81' lang='lat' dir='ltr'>pa·</span> 
     </span>
     <span class='ocr_line' id='line_1_44' title="bbox 308 4652 1949 4727; baseline 0.005 -22"><span class='ocrx_word' id='word_1_605' title='bbox 308 4652 519 4711; x_wconf 80' lang='lat' dir='ltr'>uvuuditiaeesse</span> <span class='ocrx_word' id='word_1_606' title='bbox 540 4661 689 4717; x_wconf 70' lang='lat' dir='ltr'>erectorem,</span> <span class='ocrx_word' id='word_1_607' title='bbox 712 4662 739 4708; x_wconf 91' lang='lat' dir='ltr'>et</span> <span class='ocrx_word' id='word_1_608' title='bbox 760 4654 832 4724; x_wconf 86' lang='lat' dir='ltr'>quod</span> <span class='ocrx_word' id='word_1_609' title='bbox 850 4654 907 4723; x_wconf 91' lang='lat' dir='ltr'>ipse</span> <span class='ocrx_word' id='word_1_610' title='bbox 925 4663 996 4709; x_wconf 88' lang='lat' dir='ltr'>esset</span> <span class='ocrx_word' id='word_1_611' title='bbox 1013 4654 1103 4727; x_wconf 81' lang='lat' dir='ltr'>Apuns</span> <span class='ocrx_word' id='word_1_612' title='bbox 1154 4654 1235 4709; x_wconf 88' lang='lat' dir='ltr'>uibus</span> <span class='ocrx_word' id='word_1_613' title='bbox 1256 4655 1375 4724; x_wconf 81' lang='lat' dir='ltr'>quinique</span> <span class='ocrx_word' id='word_1_614' title='bbox 1399 4653 1483 4710; x_wconf 88' lang='lat' dir='ltr'>millia</span> <span class='ocrx_word' id='word_1_615' title='bbox 1497 4655 1638 4713; x_wconf 92' lang='lat' dir='ltr'>bomiuum</span> <span class='ocrx_word' id='word_1_616' title='bbox 1661 4656 1788 4721; x_wconf 84' lang='lat' dir='ltr'>satiavit;</span> <span class='ocrx_word' id='word_1_617' title='bbox 1812 4665 1840 4712; x_wconf 89' lang='lat' dir='ltr'>et</span> <span class='ocrx_word' id='word_1_618' title='bbox 1864 4658 1949 4716; x_wconf 70' lang='lat' dir='ltr'>tustra</span> 
     </span>
     <span class='ocr_line' id='line_1_45' title="bbox 306 4741 1948 4816; baseline 0.008 -23"><span class='ocrx_word' id='word_1_619' title='bbox 306 4742 353 4811; x_wconf 83' lang='lat' dir='ltr'>qni</span> <span class='ocrx_word' id='word_1_620' title='bbox 369 4741 437 4795; x_wconf 88' lang='lat' dir='ltr'>tollit</span> <span class='ocrx_word' id='word_1_621' title='bbox 450 4752 554 4810; x_wconf 86' lang='lat' dir='ltr'>peccata</span> <span class='ocrx_word' id='word_1_622' title='bbox 568 4744 651 4798; x_wconf 88' lang='lat' dir='ltr'>totius</span> <span class='ocrx_word' id='word_1_623' title='bbox 669 4743 761 4797; x_wconf 85' lang='lat' dir='ltr'>numdi</span> <span class='ocrx_word' id='word_1_624' title='bbox 783 4744 874 4816; x_wconf 79' lang='lat' dir='ltr'>(dean.</span> <span class='ocrx_word' id='word_1_625' title='bbox 896 4743 927 4815; x_wconf 89' lang='grc' dir='ltr'>ι).</span> <span class='ocrx_word' id='word_1_626' title='bbox 945 4744 1038 4801; x_wconf 89' lang='lat' dir='ltr'>Sedet</span> <span class='ocrx_word' id='word_1_627' title='bbox 1052 4746 1104 4801; x_wconf 91' lang='lat' dir='ltr'>boc</span> <span class='ocrx_word' id='word_1_628' title='bbox 1154 4742 1338 4814; x_wconf 79' lang='lat' dir='ltr'>professione:</span> <span class='ocrx_word' id='word_1_629' title='bbox 1352 4741 1404 4797; x_wconf 83' lang='lat' dir='ltr'>ttte</span> <span class='ocrx_word' id='word_1_630' title='bbox 1423 4753 1460 4799; x_wconf 88' lang='lat' dir='ltr'>est</span> <span class='ocrx_word' id='word_1_631' title='bbox 1480 4760 1537 4799; x_wconf 86' lang='lat' dir='ltr'>uere</span> <span class='ocrx_word' id='word_1_632' title='bbox 1557 4750 1694 4814; x_wconf 84' lang='lat' dir='ltr'>propbeta,</span> <span class='ocrx_word' id='word_1_633' title='bbox 1710 4748 1754 4816; x_wconf 82' lang='lat' dir='ltr'>qui</span> <span class='ocrx_word' id='word_1_634' title='bbox 1771 4756 1896 4804; x_wconf 85' lang='lat' dir='ltr'>uenturus</span> <span class='ocrx_word' id='word_1_635' title='bbox 1909 4758 1948 4806; x_wconf 84' lang='lat' dir='ltr'>est</span> 
     </span>
     <span class='ocr_line' id='line_1_46' title="bbox 306 4830 1948 4909; baseline 0.009 -27"><span class='ocrx_word' id='word_1_636' title='bbox 306 4830 372 4899; x_wconf 85' lang='lat' dir='ltr'>qnia</span> <span class='ocrx_word' id='word_1_637' title='bbox 385 4831 480 4884; x_wconf 84' lang='lat' dir='ltr'>colem</span> <span class='ocrx_word' id='word_1_638' title='bbox 494 4831 536 4886; x_wconf 89' lang='lat' dir='ltr'>dic</span> <span class='ocrx_word' id='word_1_639' title='bbox 549 4846 605 4885; x_wconf 78' lang='lat' dir='ltr'>sirac</span> <span class='ocrx_word' id='word_1_640' title='bbox 623 4831 836 4890; x_wconf 87' lang='lat' dir='ltr'>circumcisionis</span> <span class='ocrx_word' id='word_1_641' title='bbox 859 4850 956 4890; x_wconf 88' lang='lat' dir='ltr'>nomen</span> <span class='ocrx_word' id='word_1_642' title='bbox 974 4844 1005 4889; x_wconf 91' lang='lat' dir='ltr'>ut</span> <span class='ocrx_word' id='word_1_643' title='bbox 1023 4836 1102 4893; x_wconf 85' lang='lat' dir='ltr'>lesus</span> <span class='ocrx_word' id='word_1_644' title='bbox 1153 4836 1181 4889; x_wconf 89' lang='lat' dir='ltr'>in</span> <span class='ocrx_word' id='word_1_645' title='bbox 1200 4834 1327 4889; x_wconf 87' lang='lat' dir='ltr'>mundum</span> <span class='ocrx_word' id='word_1_646' title='bbox 1348 4834 1501 4906; x_wconf 77' lang='lat' dir='ltr'>(deamvi),</span> <span class='ocrx_word' id='word_1_647' title='bbox 1517 4836 1680 4905; x_wconf 81' lang='lat' dir='ltr'>praedicatus</span> <span class='ocrx_word' id='word_1_648' title='bbox 1691 4844 1743 4892; x_wconf 89' lang='lat' dir='ltr'>est.</span> <span class='ocrx_word' id='word_1_649' title='bbox 1759 4836 1806 4894; x_wconf 87' lang='lat' dir='ltr'>llis</span> <span class='ocrx_word' id='word_1_650' title='bbox 1819 4853 1884 4909; x_wconf 77' lang='lat' dir='ltr'>erpo</span> <span class='ocrx_word' id='word_1_651' title='bbox 1898 4854 1948 4895; x_wconf 81' lang='lat' dir='ltr'>su·</span> 
     </span>
     <span class='ocr_line' id='line_1_47' title="bbox 307 4897 1948 4998; baseline 0.007 -23"><span class='ocrx_word' id='word_1_652' title='bbox 307 4930 454 4975; x_wconf 84' lang='lat' dir='ltr'>vocaretur</span> <span class='ocrx_word' id='word_1_653' title='bbox 465 4923 578 4992; x_wconf 90' lang='lat' dir='ltr'>acecpit,</span> <span class='ocrx_word' id='word_1_654' title='bbox 593 4923 626 4976; x_wconf 92' lang='lat' dir='ltr'>ad</span> <span class='ocrx_word' id='word_1_655' title='bbox 642 4924 819 4981; x_wconf 88' lang='lat' dir='ltr'>imitationem</span> <span class='ocrx_word' id='word_1_656' title='bbox 834 4927 952 4996; x_wconf 80' lang='lat' dir='ltr'>astttqnae</span> <span class='ocrx_word' id='word_1_657' title='bbox 971 4928 1101 4985; x_wconf 89' lang='lat' dir='ltr'>observa·</span> <span class='ocrx_word' id='word_1_658' title='bbox 1115 4897 1141 4957; x_wconf 74' lang='lat' dir='ltr'><strong>D</strong></span> <span class='ocrx_word' id='word_1_659' title='bbox 1154 4924 1218 4981; x_wconf 91' lang='lat' dir='ltr'>ditis</span> <span class='ocrx_word' id='word_1_660' title='bbox 1231 4923 1358 4982; x_wconf 88' lang='lat' dir='ltr'>omnibus</span> <span class='ocrx_word' id='word_1_661' title='bbox 1371 4925 1558 4989; x_wconf 71' lang='lat' dir='ltr'>sacrantcntls,</span> <span class='ocrx_word' id='word_1_662' title='bbox 1574 4925 1645 4981; x_wconf 89' lang='lat' dir='ltr'>sieut</span> <span class='ocrx_word' id='word_1_663' title='bbox 1666 4928 1751 4982; x_wconf 91' lang='lat' dir='ltr'>sancti</span> <span class='ocrx_word' id='word_1_664' title='bbox 1765 4938 1856 4998; x_wconf 89' lang='lat' dir='ltr'>patres</span> <span class='ocrx_word' id='word_1_665' title='bbox 1870 4930 1948 4987; x_wconf 80' lang='lat' dir='ltr'>nobit</span> 
     </span>
    </p>
   </div>
   <div class='ocr_carea' id='block_1_3' title="bbox 307 5004 1104 5270">
    <p class='ocr_par' dir='ltr' id='par_1_3' title="bbox 307 5004 1104 5270">
     <span class='ocr_line' id='line_1_48' title="bbox 307 5004 1103 5088; baseline 0.011 -21"><span class='ocrx_word' id='word_1_666' title='bbox 307 5014 392 5068; x_wconf 89' lang='lat' dir='ltr'>tionis</span> <span class='ocrx_word' id='word_1_667' title='bbox 407 5004 487 5069; x_wconf 76' lang='lat' dir='ltr'>lecit:</span> <span class='ocrx_word' id='word_1_668' title='bbox 509 5015 573 5084; x_wconf 79' lang='lat' dir='ltr'>unia</span> <span class='ocrx_word' id='word_1_669' title='bbox 595 5015 744 5083; x_wconf 78' lang='lat' dir='ltr'>Abrabam,</span> <span class='ocrx_word' id='word_1_670' title='bbox 769 5017 815 5087; x_wconf 85' lang='lat' dir='ltr'>qui</span> <span class='ocrx_word' id='word_1_671' title='bbox 833 5018 937 5088; x_wconf 92' lang='lat' dir='ltr'>primus</span> <span class='ocrx_word' id='word_1_672' title='bbox 960 5019 1103 5076; x_wconf 91' lang='lat' dir='ltr'>circumci-</span> 
     </span>
     <span class='ocr_line' id='line_1_49' title="bbox 307 5105 1104 5177; baseline 0.014 -19"><span class='ocrx_word' id='word_1_673' title='bbox 307 5105 414 5159; x_wconf 86' lang='lat' dir='ltr'>sioucns</span> <span class='ocrx_word' id='word_1_674' title='bbox 434 5107 549 5177; x_wconf 85' lang='lat' dir='ltr'>accepit,</span> <span class='ocrx_word' id='word_1_675' title='bbox 573 5108 669 5163; x_wconf 83' lang='lat' dir='ltr'>eodem</span> <span class='ocrx_word' id='word_1_676' title='bbox 691 5108 734 5165; x_wconf 86' lang='lat' dir='ltr'>die</span> <span class='ocrx_word' id='word_1_677' title='bbox 758 5124 814 5165; x_wconf 86' lang='lat' dir='ltr'>suae</span> <span class='ocrx_word' id='word_1_678' title='bbox 833 5110 1046 5168; x_wconf 86' lang='lat' dir='ltr'>circumcisionis</span> <span class='ocrx_word' id='word_1_679' title='bbox 1068 5112 1104 5169; x_wconf 88' lang='lat' dir='ltr'>ob</span> 
     </span>
     <span class='ocr_line' id='line_1_50' title="bbox 308 5195 1102 5270; baseline 0.009 -19"><span class='ocrx_word' id='word_1_680' title='bbox 308 5195 438 5251; x_wconf 80' lang='lat' dir='ltr'>meritum</span> <span class='ocrx_word' id='word_1_681' title='bbox 460 5212 564 5268; x_wconf 72' lang='lat' dir='ltr'>magnae</span> <span class='ocrx_word' id='word_1_682' title='bbox 584 5197 657 5265; x_wconf 83' lang='lat' dir='ltr'>ttdet,</span> <span class='ocrx_word' id='word_1_683' title='bbox 675 5197 826 5267; x_wconf 76' lang='lat' dir='ltr'>Abraham,</span> <span class='ocrx_word' id='word_1_684' title='bbox 838 5199 864 5254; x_wconf 90' lang='lat' dir='ltr'>id</span> <span class='ocrx_word' id='word_1_685' title='bbox 881 5209 924 5256; x_wconf 88' lang='lat' dir='ltr'>est</span> <span class='ocrx_word' id='word_1_686' title='bbox 942 5210 1019 5270; x_wconf 85' lang='lat' dir='ltr'>pater</span> <span class='ocrx_word' id='word_1_687' title='bbox 1031 5202 1102 5258; x_wconf 90' lang='lat' dir='ltr'>mul-</span> 
     </span>
    </p>
   </div>
   <div class='ocr_carea' id='block_1_4' title="bbox 309 5290 1125 5368">
    <p class='ocr_par' dir='ltr' id='par_1_4' title="bbox 309 5290 1125 5368">
     <span class='ocr_line' id='line_1_51' title="bbox 309 5290 1125 5368; baseline 0.009 -28"><span class='ocrx_word' id='word_1_688' title='bbox 309 5295 399 5341; x_wconf 82' lang='lat' dir='ltr'>tarum</span> <span class='ocrx_word' id='word_1_689' title='bbox 412 5290 543 5357; x_wconf 77' lang='lat' dir='ltr'>gendum,</span> <span class='ocrx_word' id='word_1_690' title='bbox 556 5291 689 5346; x_wconf 85' lang='lat' dir='ltr'>nominari</span> <span class='ocrx_word' id='word_1_691' title='bbox 704 5294 853 5363; x_wconf 86' lang='lat' dir='ltr'>promeruit</span> <span class='ocrx_word' id='word_1_692' title='bbox 867 5291 943 5366; x_wconf 83' lang='lat' dir='ltr'>(Gen.</span> <span class='ocrx_word' id='word_1_693' title='bbox 955 5295 1041 5368; x_wconf 86' lang='lat' dir='ltr'>xvu);</span> <span class='ocrx_word' id='word_1_694' title='bbox 1057 5298 1102 5367; x_wconf 81' lang='lat' dir='ltr'>qui</span> <span class='ocrx_word' id='word_1_695' title='bbox 1123 5342 1125 5347; x_wconf 89' lang='lat'>.</span> 
     </span>
    </p>
   </div>
   <div class='ocr_carea' id='block_1_5' title="bbox 307 5379 1107 6187">
    <p class='ocr_par' dir='ltr' id='par_1_5' title="bbox 307 5379 1107 6187">
     <span class='ocr_line' id='line_1_52' title="bbox 309 5379 1104 5457; baseline 0.014 -27"><span class='ocrx_word' id='word_1_696' title='bbox 309 5387 391 5433; x_wconf 85' lang='lat' dir='ltr'>arvtca</span> <span class='ocrx_word' id='word_1_697' title='bbox 409 5389 484 5449; x_wconf 86' lang='lat' dir='ltr'>pater</span> <span class='ocrx_word' id='word_1_698' title='bbox 502 5379 619 5435; x_wconf 77' lang='lat' dir='ltr'>excelsus</span> <span class='ocrx_word' id='word_1_699' title='bbox 641 5380 730 5437; x_wconf 90' lang='lat' dir='ltr'>dictus</span> <span class='ocrx_word' id='word_1_700' title='bbox 749 5393 803 5449; x_wconf 90' lang='lat' dir='ltr'>est,</span> <span class='ocrx_word' id='word_1_701' title='bbox 825 5385 906 5438; x_wconf 89' lang='lat' dir='ltr'>etita</span> <span class='ocrx_word' id='word_1_702' title='bbox 926 5384 952 5438; x_wconf 94' lang='lat' dir='ltr'>in</span> <span class='ocrx_word' id='word_1_703' title='bbox 974 5384 1043 5457; x_wconf 77' lang='lat' dir='ltr'>lege,</span> <span class='ocrx_word' id='word_1_704' title='bbox 1057 5386 1104 5457; x_wconf 85' lang='lat' dir='ltr'>quvi</span> 
     </span>
     <span class='ocr_line' id='line_1_53' title="bbox 309 5467 1106 5547; baseline 0.016 -27"><span class='ocrx_word' id='word_1_705' title='bbox 309 5467 435 5539; x_wconf 80' lang='lat' dir='ltr'>sublege</span> <span class='ocrx_word' id='word_1_706' title='bbox 454 5481 542 5536; x_wconf 87' lang='lat' dir='ltr'>erant,</span> <span class='ocrx_word' id='word_1_707' title='bbox 557 5472 736 5540; x_wconf 88' lang='lat' dir='ltr'>circumcisis,</span> <span class='ocrx_word' id='word_1_708' title='bbox 753 5475 843 5529; x_wconf 83' lang='lat' dir='ltr'>statim</span> <span class='ocrx_word' id='word_1_709' title='bbox 860 5476 967 5530; x_wconf 89' lang='lat' dir='ltr'>uomina</span> <span class='ocrx_word' id='word_1_710' title='bbox 985 5476 1106 5547; x_wconf 90' lang='lat' dir='ltr'>impone-</span> 
     </span>
     <span class='ocr_line' id='line_1_54' title="bbox 309 5559 1107 5638; baseline 0.013 -23"><span class='ocrx_word' id='word_1_711' title='bbox 309 5559 386 5615; x_wconf 84' lang='lat' dir='ltr'>bant.</span> <span class='ocrx_word' id='word_1_712' title='bbox 408 5563 442 5618; x_wconf 82' lang='lat' dir='ltr'>Et</span> <span class='ocrx_word' id='word_1_713' title='bbox 456 5563 496 5618; x_wconf 91' lang='lat' dir='ltr'>sic</span> <span class='ocrx_word' id='word_1_714' title='bbox 507 5562 653 5621; x_wconf 85' lang='lat' dir='ltr'>Christiani</span> <span class='ocrx_word' id='word_1_715' title='bbox 664 5567 754 5631; x_wconf 91' lang='lat' dir='ltr'>modo,</span> <span class='ocrx_word' id='word_1_716' title='bbox 765 5567 859 5622; x_wconf 89' lang='lat' dir='ltr'>codem</span> <span class='ocrx_word' id='word_1_717' title='bbox 874 5567 1007 5638; x_wconf 82' lang='lat' dir='ltr'>exemplo,</span> <span class='ocrx_word' id='word_1_718' title='bbox 1019 5569 1107 5625; x_wconf 88' lang='lat' dir='ltr'>solent</span> 
     </span>
     <span class='ocr_line' id='line_1_55' title="bbox 311 5655 1105 5730; baseline 0.01 -23"><span class='ocrx_word' id='word_1_719' title='bbox 311 5660 435 5723; x_wconf 88' lang='lat' dir='ltr'>tempore</span> <span class='ocrx_word' id='word_1_720' title='bbox 449 5655 620 5725; x_wconf 87' lang='lat' dir='ltr'>baptismatis</span> <span class='ocrx_word' id='word_1_721' title='bbox 635 5658 779 5728; x_wconf 87' lang='lat' dir='ltr'>baptizatis</span> <span class='ocrx_word' id='word_1_722' title='bbox 790 5660 899 5713; x_wconf 89' lang='lat' dir='ltr'>nomina</span> <span class='ocrx_word' id='word_1_723' title='bbox 916 5659 1064 5730; x_wconf 88' lang='lat' dir='ltr'>imponere,</span> <span class='ocrx_word' id='word_1_724' title='bbox 1075 5668 1105 5715; x_wconf 93' lang='lat' dir='ltr'>ut</span> 
     </span>
     <span class='ocr_line' id='line_1_56' title="bbox 308 5745 1105 5819; baseline 0.01 -22"><span class='ocrx_word' id='word_1_725' title='bbox 308 5745 466 5800; x_wconf 83' lang='lat' dir='ltr'>avtctoritati</span> <span class='ocrx_word' id='word_1_726' title='bbox 481 5748 634 5814; x_wconf 86' lang='lat' dir='ltr'>conveniat,</span> <span class='ocrx_word' id='word_1_727' title='bbox 646 5748 708 5818; x_wconf 83' lang='lat' dir='ltr'>quia</span> <span class='ocrx_word' id='word_1_728' title='bbox 724 5748 817 5819; x_wconf 84' lang='lat' dir='ltr'>religio</span> <span class='ocrx_word' id='word_1_729' title='bbox 834 5749 1012 5805; x_wconf 87' lang='lat' dir='ltr'>commendat.</span> <span class='ocrx_word' id='word_1_730' title='bbox 1035 5750 1105 5817; x_wconf 80' lang='lat' dir='ltr'>Quid</span> 
     </span>
     <span class='ocr_line' id='line_1_57' title="bbox 308 5839 1104 5913; baseline 0.008 -22"><span class='ocrx_word' id='word_1_731' title='bbox 308 5847 401 5893; x_wconf 81' lang='lat' dir='ltr'>autem</span> <span class='ocrx_word' id='word_1_732' title='bbox 423 5839 482 5895; x_wconf 73' lang='lat' dir='ltr'>hacc</span> <span class='ocrx_word' id='word_1_733' title='bbox 505 5842 676 5897; x_wconf 88' lang='lat' dir='ltr'>circumcisio</span> <span class='ocrx_word' id='word_1_734' title='bbox 701 5841 793 5913; x_wconf 76' lang='lat' dir='ltr'>legalis</span> <span class='ocrx_word' id='word_1_735' title='bbox 808 5841 949 5913; x_wconf 75' lang='lat' dir='ltr'>significet,</span> <span class='ocrx_word' id='word_1_736' title='bbox 973 5842 1104 5912; x_wconf 84' lang='lat' dir='ltr'>propbeta</span> 
     </span>
     <span class='ocr_line' id='line_1_58' title="bbox 308 5930 1104 5997; baseline 0.008 -16"><span class='ocrx_word' id='word_1_737' title='bbox 308 5930 431 5984; x_wconf 85' lang='lat' dir='ltr'>ostendit</span> <span class='ocrx_word' id='word_1_738' title='bbox 447 5930 559 5987; x_wconf 65' lang='lat' dir='ltr'>diesim</span> <span class='ocrx_word' id='word_1_739' title='bbox 585 5932 769 5988; x_wconf 76' lang='lat' dir='ltr'>circumcidite</span> <span class='ocrx_word' id='word_1_740' title='bbox 787 5931 867 5988; x_wconf 86' lang='lat' dir='ltr'>cordo</span> <span class='ocrx_word' id='word_1_741' title='bbox 885 5942 981 5997; x_wconf 88' lang='lat' dir='ltr'>uestro,</span> <span class='ocrx_word' id='word_1_742' title='bbox 1002 5942 1026 5986; x_wconf 88' lang='lat' dir='ltr'>et</span> <span class='ocrx_word' id='word_1_743' title='bbox 1052 5948 1104 5987; x_wconf 85' lang='lat' dir='ltr'>uon</span> 
     </span>
     <span class='ocr_line' id='line_1_59' title="bbox 307 6020 1104 6094; baseline 0.011 -24"><span class='ocrx_word' id='word_1_744' title='bbox 307 6035 434 6089; x_wconf 84' lang='lat' dir='ltr'>corpora.</span> <span class='ocrx_word' id='word_1_745' title='bbox 461 6020 549 6089; x_wconf 79' lang='lat' dir='ltr'>Quam</span> <span class='ocrx_word' id='word_1_746' title='bbox 577 6024 811 6080; x_wconf 88' lang='lat' dir='ltr'>circumcisionem</span> <span class='ocrx_word' id='word_1_747' title='bbox 841 6024 932 6079; x_wconf 85' lang='lat' dir='ltr'>cordis</span> <span class='ocrx_word' id='word_1_748' title='bbox 960 6022 1104 6094; x_wconf 74' lang='lat' dir='ltr'>Apostolus</span> 
     </span>
     <span class='ocr_line' id='line_1_60' title="bbox 308 6107 1103 6187; baseline 0.003 -21"><span class='ocrx_word' id='word_1_749' title='bbox 308 6107 391 6166; x_wconf 79' lang='lat' dir='ltr'>nobis</span> <span class='ocrx_word' id='word_1_750' title='bbox 402 6113 593 6170; x_wconf 61' lang='lat' dir='ltr'>mannans:</span> <span class='ocrx_word' id='word_1_751' title='bbox 612 6114 753 6187; x_wconf 79' lang='lat' dir='ltr'>bspontn,</span> <span class='ocrx_word' id='word_1_752' title='bbox 768 6114 865 6187; x_wconf 77' lang='lat' dir='ltr'>irnpuit,</span> <span class='ocrx_word' id='word_1_753' title='bbox 878 6124 998 6170; x_wconf 90' lang='lat' dir='ltr'>veterem</span> <span class='ocrx_word' id='word_1_754' title='bbox 1013 6114 1103 6171; x_wconf 89' lang='lat' dir='ltr'>bouvi-</span> 
     </span>
    </p>
   </div>
   <div class='ocr_carea' id='block_1_6' title="bbox 1155 5014 1950 6184">
    <p class='ocr_par' dir='ltr' id='par_1_6' title="bbox 1155 5014 1950 6184">
     <span class='ocr_line' id='line_1_61' title="bbox 1156 5014 1948 5083; baseline 0.004 -11"><span class='ocrx_word' id='word_1_755' title='bbox 1156 5015 1335 5079; x_wconf 90' lang='lat' dir='ltr'>tradideruut,</span> <span class='ocrx_word' id='word_1_756' title='bbox 1362 5014 1491 5069; x_wconf 86' lang='lat' dir='ltr'>hodierna</span> <span class='ocrx_word' id='word_1_757' title='bbox 1517 5014 1576 5070; x_wconf 92' lang='lat' dir='ltr'>dies</span> <span class='ocrx_word' id='word_1_758' title='bbox 1599 5015 1761 5072; x_wconf 79' lang='lat' dir='ltr'>venerabilis</span> <span class='ocrx_word' id='word_1_759' title='bbox 1780 5018 1892 5083; x_wconf 87' lang='lat' dir='ltr'>exstitit,</span> <span class='ocrx_word' id='word_1_760' title='bbox 1914 5032 1948 5075; x_wconf 83' lang='lat' dir='ltr'>eo</span> 
     </span>
     <span class='ocr_line' id='line_1_62' title="bbox 1155 5106 1948 5177; baseline 0.011 -17"><span class='ocrx_word' id='word_1_761' title='bbox 1155 5107 1227 5177; x_wconf 85' lang='lat' dir='ltr'>quod</span> <span class='ocrx_word' id='word_1_762' title='bbox 1240 5106 1339 5162; x_wconf 87' lang='lat' dir='ltr'>talibus</span> <span class='ocrx_word' id='word_1_763' title='bbox 1351 5107 1459 5162; x_wconf 87' lang='lat' dir='ltr'>indiciis</span> <span class='ocrx_word' id='word_1_764' title='bbox 1475 5107 1555 5164; x_wconf 89' lang='lat' dir='ltr'>hodic</span> <span class='ocrx_word' id='word_1_765' title='bbox 1567 5107 1639 5164; x_wconf 86' lang='lat' dir='ltr'>Deus</span> <span class='ocrx_word' id='word_1_766' title='bbox 1657 5109 1684 5164; x_wconf 89' lang='lat' dir='ltr'>iu</span> <span class='ocrx_word' id='word_1_767' title='bbox 1700 5110 1809 5165; x_wconf 85' lang='lat' dir='ltr'>bomine</span> <span class='ocrx_word' id='word_1_768' title='bbox 1822 5109 1948 5169; x_wconf 82' lang='lat' dir='ltr'>Cbristtts</span> 
     </span>
     <span class='ocr_line' id='line_1_63' title="bbox 1156 5197 1948 5269; baseline 0.009 -15"><span class='ocrx_word' id='word_1_769' title='bbox 1156 5197 1344 5254; x_wconf 76' lang='lat' dir='ltr'>manifestatus</span> <span class='ocrx_word' id='word_1_770' title='bbox 1363 5207 1416 5253; x_wconf 82' lang='lat' dir='ltr'>est.</span> <span class='ocrx_word' id='word_1_771' title='bbox 1440 5198 1547 5254; x_wconf 87' lang='lat' dir='ltr'>liabent</span> <span class='ocrx_word' id='word_1_772' title='bbox 1573 5199 1682 5269; x_wconf 89' lang='lat' dir='ltr'>quidem</span> <span class='ocrx_word' id='word_1_773' title='bbox 1705 5214 1799 5256; x_wconf 88' lang='lat' dir='ltr'>omues</span> <span class='ocrx_word' id='word_1_774' title='bbox 1822 5200 1881 5258; x_wconf 78' lang='lat' dir='ltr'>ista</span> <span class='ocrx_word' id='word_1_775' title='bbox 1902 5216 1948 5261; x_wconf 81' lang='lat' dir='ltr'>sss</span> 
     </span>
     <span class='ocr_line' id='line_1_64' title="bbox 1156 5289 1948 5359; baseline 0.009 -14"><span class='ocrx_word' id='word_1_776' title='bbox 1156 5289 1285 5359; x_wconf 87' lang='lat' dir='ltr'>mysteria</span> <span class='ocrx_word' id='word_1_777' title='bbox 1300 5289 1463 5354; x_wconf 79' lang='lat' dir='ltr'>ueneranda,</span> <span class='ocrx_word' id='word_1_778' title='bbox 1479 5289 1526 5345; x_wconf 89' lang='lat' dir='ltr'>scd</span> <span class='ocrx_word' id='word_1_779' title='bbox 1549 5290 1698 5346; x_wconf 84' lang='lat' dir='ltr'>tuncnihil</span> <span class='ocrx_word' id='word_1_780' title='bbox 1715 5290 1787 5347; x_wconf 88' lang='lat' dir='ltr'>aliud</span> <span class='ocrx_word' id='word_1_781' title='bbox 1806 5292 1948 5352; x_wconf 71' lang='lat' dir='ltr'>subinnui</span> 
     </span>
     <span class='ocr_line' id='line_1_65' title="bbox 1158 5380 1947 5452; baseline 0.008 -19"><span class='ocrx_word' id='word_1_782' title='bbox 1158 5389 1241 5452; x_wconf 77' lang='lat' dir='ltr'>spuunt</span> <span class='ocrx_word' id='word_1_783' title='bbox 1253 5396 1334 5449; x_wconf 83' lang='lat' dir='ltr'>quam</span> <span class='ocrx_word' id='word_1_784' title='bbox 1349 5381 1419 5449; x_wconf 80' lang='lat' dir='ltr'>quod</span> <span class='ocrx_word' id='word_1_785' title='bbox 1441 5380 1520 5438; x_wconf 78' lang='lat' dir='ltr'>tndem</span> <span class='ocrx_word' id='word_1_786' title='bbox 1537 5380 1697 5436; x_wconf 85' lang='lat' dir='ltr'>catholicam</span> <span class='ocrx_word' id='word_1_787' title='bbox 1717 5382 1795 5438; x_wconf 91' lang='lat' dir='ltr'>nobis</span> <span class='ocrx_word' id='word_1_788' title='bbox 1808 5397 1947 5440; x_wconf 83' lang='lat' dir='ltr'>commea·</span> 
     </span>
     <span class='ocr_line' id='line_1_66' title="bbox 1158 5470 1945 5542; baseline 0.004 -16"><span class='ocrx_word' id='word_1_789' title='bbox 1158 5472 1232 5536; x_wconf 82' lang='lat' dir='ltr'>derit,</span> <span class='ocrx_word' id='word_1_790' title='bbox 1246 5470 1319 5527; x_wconf 86' lang='lat' dir='ltr'>illum</span> <span class='ocrx_word' id='word_1_791' title='bbox 1332 5470 1458 5525; x_wconf 88' lang='lat' dir='ltr'>videlicet</span> <span class='ocrx_word' id='word_1_792' title='bbox 1470 5485 1530 5541; x_wconf 75' lang='lat' dir='ltr'>quae</span> <span class='ocrx_word' id='word_1_793' title='bbox 1549 5486 1597 5541; x_wconf 88' lang='lat' dir='ltr'>per</span> <span class='ocrx_word' id='word_1_794' title='bbox 1614 5470 1784 5528; x_wconf 90' lang='lat' dir='ltr'>dilectionem</span> <span class='ocrx_word' id='word_1_795' title='bbox 1798 5481 1945 5542; x_wconf 85' lang='lat' dir='ltr'>operatur;</span> 
     </span>
     <span class='ocr_line' id='line_1_67' title="bbox 1158 5559 1946 5631; baseline 0 -13"><span class='ocrx_word' id='word_1_796' title='bbox 1158 5571 1186 5618; x_wconf 89' lang='lat' dir='ltr'>et</span> <span class='ocrx_word' id='word_1_797' title='bbox 1198 5578 1248 5618; x_wconf 93' lang='lat' dir='ltr'>nos</span> <span class='ocrx_word' id='word_1_798' title='bbox 1261 5561 1350 5616; x_wconf 91' lang='lat' dir='ltr'>taliter</span> <span class='ocrx_word' id='word_1_799' title='bbox 1365 5559 1457 5615; x_wconf 88' lang='lat' dir='ltr'>vivere</span> <span class='ocrx_word' id='word_1_800' title='bbox 1477 5561 1603 5625; x_wconf 86' lang='lat' dir='ltr'>doceant,</span> <span class='ocrx_word' id='word_1_801' title='bbox 1626 5569 1655 5615; x_wconf 89' lang='lat' dir='ltr'>ut</span> <span class='ocrx_word' id='word_1_802' title='bbox 1670 5570 1763 5617; x_wconf 87' lang='lat' dir='ltr'>nostro</span> <span class='ocrx_word' id='word_1_803' title='bbox 1785 5577 1834 5631; x_wconf 88' lang='lat' dir='ltr'>per</span> <span class='ocrx_word' id='word_1_804' title='bbox 1854 5562 1946 5618; x_wconf 84' lang='lat' dir='ltr'>onmis</span> 
     </span>
     <span class='ocr_line' id='line_1_68' title="bbox 1157 5649 1947 5721; baseline 0.004 -17"><span class='ocrx_word' id='word_1_805' title='bbox 1157 5654 1311 5721; x_wconf 89' lang='lat' dir='ltr'>placeamus</span> <span class='ocrx_word' id='word_1_806' title='bbox 1324 5650 1456 5707; x_wconf 77' lang='lat' dir='ltr'>Creatori,</span> <span class='ocrx_word' id='word_1_807' title='bbox 1476 5650 1529 5706; x_wconf 89' lang='lat' dir='ltr'>Sed</span> <span class='ocrx_word' id='word_1_808' title='bbox 1548 5649 1623 5718; x_wconf 88' lang='lat' dir='ltr'>libet,</span> <span class='ocrx_word' id='word_1_809' title='bbox 1635 5650 1743 5716; x_wconf 87' lang='lat' dir='ltr'>iratres,</span> <span class='ocrx_word' id='word_1_810' title='bbox 1757 5650 1858 5721; x_wconf 85' lang='lat' dir='ltr'>aliquid</span> <span class='ocrx_word' id='word_1_811' title='bbox 1870 5649 1947 5709; x_wconf 88' lang='lat' dir='ltr'>vobis</span> 
     </span>
     <span class='ocr_line' id='line_1_69' title="bbox 1158 5745 1946 5817; baseline 0.003 -17"><span class='ocrx_word' id='word_1_812' title='bbox 1158 5748 1248 5802; x_wconf 87' lang='lat' dir='ltr'>dicere</span> <span class='ocrx_word' id='word_1_813' title='bbox 1261 5747 1293 5801; x_wconf 89' lang='lat' dir='ltr'>de</span> <span class='ocrx_word' id='word_1_814' title='bbox 1306 5746 1359 5801; x_wconf 91' lang='lat' dir='ltr'>illis</span> <span class='ocrx_word' id='word_1_815' title='bbox 1380 5746 1466 5802; x_wconf 88' lang='lat' dir='ltr'>tribus</span> <span class='ocrx_word' id='word_1_816' title='bbox 1486 5745 1643 5802; x_wconf 81' lang='lat' dir='ltr'>niuneribus</span> <span class='ocrx_word' id='word_1_817' title='bbox 1655 5762 1715 5815; x_wconf 71' lang='lat' dir='ltr'>quae</span> <span class='ocrx_word' id='word_1_818' title='bbox 1728 5745 1796 5817; x_wconf 74' lang='lat' dir='ltr'>ttapt</span> <span class='ocrx_word' id='word_1_819' title='bbox 1817 5745 1946 5802; x_wconf 78' lang='lat' dir='ltr'>hodierna</span> 
     </span>
     <span class='ocr_line' id='line_1_70' title="bbox 1157 5836 1949 5909; baseline -0.006 -15"><span class='ocrx_word' id='word_1_820' title='bbox 1157 5841 1200 5895; x_wconf 91' lang='lat' dir='ltr'>die</span> <span class='ocrx_word' id='word_1_821' title='bbox 1216 5838 1390 5909; x_wconf 81' lang='lat' dir='ltr'>Redemptori</span> <span class='ocrx_word' id='word_1_822' title='bbox 1407 5848 1500 5894; x_wconf 85' lang='lat' dir='ltr'>nostro</span> <span class='ocrx_word' id='word_1_823' title='bbox 1522 5837 1680 5893; x_wconf 89' lang='lat' dir='ltr'>ollcrcbaut.</span> <span class='ocrx_word' id='word_1_824' title='bbox 1704 5838 1864 5894; x_wconf 81' lang='lat' dir='ltr'>obtulerunt</span> <span class='ocrx_word' id='word_1_825' title='bbox 1885 5836 1949 5905; x_wconf 82' lang='lat' dir='ltr'>qui·</span> 
     </span>
     <span class='ocr_line' id='line_1_71' title="bbox 1157 5925 1945 5999; baseline -0.001 -15"><span class='ocrx_word' id='word_1_826' title='bbox 1157 5932 1218 5985; x_wconf 89' lang='lat' dir='ltr'>dem</span> <span class='ocrx_word' id='word_1_827' title='bbox 1233 5930 1280 5995; x_wconf 92' lang='lat' dir='ltr'>illi,</span> <span class='ocrx_word' id='word_1_828' title='bbox 1299 5930 1461 5986; x_wconf 87' lang='lat' dir='ltr'>sicutmodo</span> <span class='ocrx_word' id='word_1_829' title='bbox 1475 5927 1597 5992; x_wconf 90' lang='lat' dir='ltr'>audistis,</span> <span class='ocrx_word' id='word_1_830' title='bbox 1613 5944 1675 5984; x_wconf 91' lang='lat' dir='ltr'>cum</span> <span class='ocrx_word' id='word_1_831' title='bbox 1694 5926 1863 5997; x_wconf 81' lang='lat' dir='ltr'>evangelium</span> <span class='ocrx_word' id='word_1_832' title='bbox 1875 5925 1945 5999; x_wconf 75' lang='lat' dir='ltr'>lege·</span> 
     </span>
     <span class='ocr_line' id='line_1_72' title="bbox 1156 6018 1950 6092; baseline -0.003 -15"><span class='ocrx_word' id='word_1_833' title='bbox 1156 6033 1242 6087; x_wconf 90' lang='lat' dir='ltr'>retur,</span> <span class='ocrx_word' id='word_1_834' title='bbox 1257 6039 1362 6089; x_wconf 88' lang='lat' dir='ltr'>aurum,</span> <span class='ocrx_word' id='word_1_835' title='bbox 1375 6022 1438 6076; x_wconf 86' lang='lat' dir='ltr'>thus</span> <span class='ocrx_word' id='word_1_836' title='bbox 1449 6029 1475 6075; x_wconf 89' lang='lat' dir='ltr'>et</span> <span class='ocrx_word' id='word_1_837' title='bbox 1496 6021 1643 6092; x_wconf 84' lang='lat' dir='ltr'>myrrham.</span> <span class='ocrx_word' id='word_1_838' title='bbox 1658 6019 1711 6074; x_wconf 84' lang='lat' dir='ltr'>Sed</span> <span class='ocrx_word' id='word_1_839' title='bbox 1729 6018 1842 6073; x_wconf 88' lang='lat' dir='ltr'>istorum</span> <span class='ocrx_word' id='word_1_840' title='bbox 1863 6019 1950 6090; x_wconf 88' lang='lat' dir='ltr'>tripli·-</span> 
     </span>
     <span class='ocr_line' id='line_1_73' title="bbox 1156 6110 1945 6184; baseline -0.008 -13"><span class='ocrx_word' id='word_1_841' title='bbox 1156 6115 1229 6171; x_wconf 89' lang='lat' dir='ltr'>cium</span> <span class='ocrx_word' id='word_1_842' title='bbox 1250 6130 1393 6171; x_wconf 90' lang='lat' dir='ltr'>muncrum</span> <span class='ocrx_word' id='word_1_843' title='bbox 1411 6112 1508 6184; x_wconf 78' lang='lat' dir='ltr'>triplex</span> <span class='ocrx_word' id='word_1_844' title='bbox 1532 6112 1694 6184; x_wconf 75' lang='lat' dir='ltr'>stpstttearto</span> <span class='ocrx_word' id='word_1_845' title='bbox 1717 6112 1893 6167; x_wconf 84' lang='lat' dir='ltr'>continetur:</span> <span class='ocrx_word' id='word_1_846' title='bbox 1917 6110 1945 6164; x_wconf 88' lang='lat' dir='ltr'>in</span> 
     </span>
    </p>
   </div>
   <div class='ocr_carea' id='block_1_7' title="bbox 0 0 2254 6836">
    <p class='ocr_par' dir='ltr' id='par_1_7' title="bbox 0 0 2254 6836">
     <span class='ocr_line' id='line_1_74' title="bbox 0 0 2254 6836; baseline 0 0"><span class='ocrx_word' id='word_1_847' title='bbox 0 0 2254 6836; x_wconf 95' lang='lat' dir='ltr'> </span> 
     </span>
    </p>
   </div>
  </div>
 </body>
</html>
