4500 6842
302 575 372 631 ttlbtt

619 571 651 627 B.
673 570 800 627 habant
820 568 929 625 hallin
948 563 1107 622 strehlen.
1130 560 1285 618 bonbar.
1307 560 1448 616 orantia
1469 560 1558 615 latas
1578 562 1609 617 ll.
1655 523 1658 529 Ι

1875 553 1947 611 ttttt

304 694 380 751 acan
393 690 553 763 predicunt.
565 688 605 746 td
614 690 673 745 haec
682 688 772 743 omnia
787 686 922 756 pertinent
934 690 962 738 et
971 682 1094 754 ligaturae
1110 680 1132 739 Α
1147 678 1181 731 ad
1196 676 1358 746 colloquium
1382 675 1444 730 Saul
1470 676 1623 746 impiissimi
1643 676 1726 744 regis,
1745 675 1770 732 si
1796 674 1945 747 pytbunies

301 781 509 842 exsecrabilium
522 781 713 843 remediorum,
724 793 771 833 seu
784 777 811 832 in
825 772 1092 847 praecantationibus,

302 890 350 931 scn
370 873 397 927 in
422 869 635 931 characteribus,
659 868 701 923 ιιι
731 866 758 923 in
783 867 989 937 quibuscunque
1014 864 1094 916 rebus

303 959 502 1033 suspendendis
516 968 597 1029 atque
611 958 737 1029 ligandis,
753 958 780 1013 in
795 957 893 1026 quibus
909 954 1036 1009 omnihus
1050 968 1095 1007 ars

303 1055 456 1111 daenrormm
475 1061 517 1105 est
532 1066 566 1105 ex
584 1050 700 1121 quadam
714 1047 841 1120 pestilera
861 1046 993 1101 societate
1007 1043 1094 1098 horni-

304 1149 413 1208 uum,ct
424 1139 582 1209 angelorum
597 1138 728 1194 malornm
741 1146 846 1194 exorta.
858 1136 935 1193 Unde
945 1144 1043 1190 cuncta
1056 1134 1096 1186 ui-

306 1232 385 1286 tanda
400 1237 463 1285 suut
476 1228 642 1292 Christiano,
659 1235 686 1281 et
698 1225 770 1280 ononi
786 1227 893 1296 penitus
908 1223 1094 1278 exsecratione

305 1319 470 1392 repudianda
488 1328 568 1388 atque
586 1317 748 1373 damnanda.
769 1314 888 1384 Auguria
902 1323 992 1367 autem
1006 1311 1095 1365 arium

305 1412 427 1481 Phryges
443 1408 522 1478 primi
536 1408 707 1470 inuenerunt,
726 1404 890 1475 praestigium
906 1418 971 1457 vero
992 1400 1096 1454 bleren-

307 1500 362 1555 rius
373 1498 478 1568 primus
492 1497 590 1552 dicitur
606 1497 749 1550 iuvenisse.
762 1494 868 1548 bietum
883 1501 972 1547 autern
989 1491 1096 1562 praesti·

305 1591 389 1661 ginon,
415 1589 487 1658 quod
510 1588 682 1658 praestringat
705 1587 790 1641 aciem
816 1584 965 1639 oculorum.
982 1582 1096 1650 Aruspi-

306 1682 373 1735 cinae
401 1688 487 1734 artem
511 1678 616 1749 primus
640 1676 788 1732 Hetruseus
813 1674 957 1729 tradidisse
975 1672 1097 1727 dicitur:

307 1772 417 1843 quidam
434 1771 563 1841 Phryges.
579 1768 628 1825 llic
645 1784 677 1824 ex
690 1768 765 1823 horis
778 1765 960 1835 aruspicinam
975 1762 1097 1826 dietavit,

1145 769 1276 824 divinatio
1289 768 1376 822 errori
1399 768 1512 837 magica
1525 768 1593 823 artis
1607 768 1764 839 deputanda
1778 768 1827 823 sit.
1843 765 1946 833 Quibus

1146 859 1183 913 ita
1212 859 1368 928 responderi
1394 867 1499 927 potest,
1529 859 1668 928 indignum
1697 858 1813 914 omnino
1840 858 1946 914 iscium

1145 965 1216 1012 csse,
1230 950 1252 1005 si
1269 950 1418 1005 ιιιιιιιιιιιιιι
1437 950 1520 1004 uerba
1541 949 1670 1015 historiae,
1693 946 1889 1005 eotrttnodetnr
1905 965 1947 1004 as·

1146 1056 1251 1095 sensus.
1267 1040 1407 1107 Quomodo
1423 1041 1496 1094 enim
1512 1040 1570 1095 lteri
1588 1049 1705 1110 poterat,
1722 1049 1755 1095 ut
1767 1050 1829 1096 arte
1843 1042 1944 1112 stragica

1147 1134 1330 1187 attraheretur
1354 1132 1408 1197 uir,
1421 1141 1448 1187 et
1463 1133 1605 1187 nativitate
1617 1142 1744 1197 sanctus,
1757 1141 1787 1187 ct
1807 1134 1872 1188 sit-c
1887 1150 1946 1202 ope·

1147 1222 1223 1278 ribus
1233 1222 1340 1293 justnsl
1353 1222 1406 1276 hut
1427 1223 1449 1277 si
1470 1239 1524 1276 raon
1539 1231 1674 1279 attractus
1698 1233 1754 1287 est,
1782 1226 1925 1280 consensit
1937 1208 1966 1279 τ’

1147 1315 1219 1383 qnod
1229 1324 1373 1385 utrumque
1386 1316 1420 1369 de
1435 1316 1495 1369 viro
1504 1316 1578 1386 justu
1603 1316 1716 1372 eredere
1731 1316 1880 1370 adversum
1896 1327 1944 1371 est.

1149 1404 1177 1458 Si
1190 1405 1261 1458 enim
1276 1404 1377 1458 invitus
1391 1405 1524 1460 adductus
1536 1412 1589 1470 est,
1605 1404 1709 1459 nullum
1725 1404 1889 1476 suffragium
1901 1407 1945 1460 ha·

1148 1495 1194 1549 het
1205 1493 1320 1561 justitia.
1345 1493 1374 1549 Si
1393 1503 1484 1549 antem
1503 1494 1683 1570 voluptarius,
1699 1496 1796 1550 amisit
1821 1496 1944 1550 meritura

1149 1584 1287 1655 spiritalis,
1324 1600 1405 1655 quem
1416 1586 1521 1655 positus
1534 1586 1561 1639 iu
1573 1573 1668 1651 corne,
1678 1588 1846 1655 quaesiverat
1860 1605 1867 1639 :
1879 1589 1945 1656 quot

1148 1675 1226 1730 valde
1242 1674 1388 1731 absurdum
1403 1685 1445 1729 cst
1461 1692 1468 1729 :
1487 1676 1549 1743 quia
1563 1676 1627 1730 hine
1650 1677 1696 1745 qui
1718 1676 1815 1745 iustus
1837 1679 1944 1741 recedit,

1149 1773 1290 1835 permanet
1301 1765 1400 1836 justus.
1417 1765 1501 1819 Porro
1518 1774 1608 1823 autem
1635 1767 1688 1821 hoc
1711 1774 1757 1821 est
1778 1768 1944 1838 praestigium

307 1872 334 1916 ct
351 1870 443 1932 postea
456 1877 509 1917 nou
521 1851 654 1930 apparuit.
671 1858 738 1913 Nam
750 1857 848 1912 dicitur
861 1855 991 1919 fabulose,
1005 1862 1100 1909 arrunte
1150 1856 1268 1922 ὃιιιιιιιει,
1294 1871 1348 1926 quo
1371 1865 1401 1909 nt
1425 1856 1555 1925 plurimos
1578 1856 1669 1921 sallat,
1696 1857 1783 1912 etiam
1809 1859 1897 1913 bonos
1922 1861 1944 1913 iu

308 1952 424 2024 quodam
443 1952 545 2006 rustico
559 1952 648 2006 subito
660 1950 786 2017 huarciex
805 1948 890 2019 glebis
905 1947 1055 2010 exsiluisse,
1072 1954 1100 2001 et
1149 1953 1284 2017 potestate
1296 1961 1326 2001 se
1343 1947 1443 2001 habere
1460 1946 1612 2017 contingit:
1631 1947 1703 2017 quod
1718 1948 1870 2017 Apostolos
1882 1950 1947 2004 inter

308 2043 490 2113 aruspicinam
512 2042 640 2105 dictasse,
660 2056 713 2111 ‹qua
728 2040 771 2095 die
785 2049 812 2094 ct
826 2046 948 2093 ruortuus
962 2046 1012 2093 cst.
1029 2036 1101 2105 Quos
1115 2039 1139 2097 B
1153 2042 1250 2089 catera
1265 2035 1383 2089 ostendit
1395 2035 1488 2090 dicens
1506 2052 1513 2088 :
1536 2054 1546 2086 ι
1564 2035 1622 2106 lpse
1637 2035 1756 2091 Satarms
1776 2038 1948 2109 transfigurat

308 2129 393 2188 libros
405 2131 520 2186 Rouraui
535 2148 567 2186 en
580 2131 713 2189 lletrusca
734 2130 835 2200 lingua,
848 2129 875 2183 iu
889 2128 1025 2198 propriam
1038 2142 1099 2180 ratu·
1151 2140 1181 2181 se
1195 2126 1221 2180 in
1237 2125 1361 2196 angelum
1373 2126 1441 2182 lucis
1455 2126 1497 2197 (ll
1509 2125 1570 2181 Cor.
1590 2128 1639 2200 xa).
1659 2148 1669 2180 ι
1686 2128 1725 2185 ιιι
1738 2130 1815 2184 enim
1832 2147 1946 2187 errorem

309 2229 441 2277 taverunt.
458 2218 507 2275 llis
518 2236 582 2291 ergo
593 2221 725 2290 portentis
738 2234 786 2288 per
801 2220 952 2273 lanionum
968 2215 1100 2271 fallaciam
1152 2216 1255 2273 laceret
1268 2219 1294 2272 iu
1308 2233 1362 2289 quo
1372 2218 1550 2289 gloriaretur,
1558 2220 1585 2274 in
1600 2219 1695 2274 habitu
1712 2220 1765 2274 viri
1777 2220 1849 2289 justi
1864 2233 1892 2278 et
1902 2239 1946 2277 no

310 2310 431 2364 illuditur
447 2309 592 2365 curiositas
605 2311 735 2375 humana,
750 2308 858 2377 quando
883 2308 909 2361 id
932 2306 1102 2375 impudenter
1152 2310 1225 2365 initae
1240 2324 1269 2365 se
1281 2310 1439 2365 subornavit
1452 2328 1459 2363 :
1472 2318 1502 2362 ut
1515 2299 1725 2379 nihilprobcere
1736 2312 1861 2380 εριιιιιιι
1873 2307 1946 2382 quam

310 2408 440 2471 appetunt
460 2401 541 2466 scire,
558 2402 630 2471 quod
645 2401 718 2455 nulla
735 2402 840 2455 ratione
861 2399 901 2454 eis
916 2398 1044 2467 competit
1059 2398 1101 2452 in-

311 2497 444 2565 vestigare
459 2512 466 2547 :
484 2509 516 2548 ac
531 2494 592 2548 ideo
605 2495 685 2548 alatur
704 2502 824 2564 potestas
839 2490 984 2547 immundis
999 2490 1101 2561 spiriti-

312 2584 372 2646 bus,
387 2592 416 2636 ut
429 2598 478 2651 per
492 2598 555 2638 uasa
571 2583 622 2637 sibi
639 2590 710 2653 apta,
727 2583 778 2637 hoc
796 2590 837 2636 cst
857 2595 955 2651 prauos
968 2579 1101 2645 horrriues,

312 2675 443 2729 seducant
466 2672 537 2739 illos,
557 2673 601 2744 qui
627 2682 759 2742 spernunt
774 2673 926 2735 ueritatem,
942 2681 970 2725 et
991 2671 1104 2726 credunt

312 2764 452 2819 mendacio
467 2781 474 2816 ι
488 2771 516 2818 ιι
538 2762 615 2831 juxta
641 2762 717 2818 Pauli
742 2763 903 2819 sententiam
918 2761 961 2835 (ll
975 2760 1041 2816 Tim.
1058 2777 1101 2829 ιι;

314 2852 505 2925 illinunt:
524 2873 533 2906 r
552 2854 652 2908 Sanam
670 2855 821 2909 doctrinam
847 2870 899 2909 non
923 2853 1102 2919 susthrehunt,

315 2966 324 2998 a
348 2946 393 3000 scd
412 2945 445 2999 ad
462 2960 509 2999 sua
526 2945 659 3000 desideria
676 2945 874 3001 coacervabunt
895 2944 946 2999 sibi
962 2942 1105 3013 magistros

317 3054 326 3086 ι
346 3034 500 3105 prurientes
514 3036 624 3090 auribus
642 3054 648 3089 :
667 3045 695 3091 et
707 3052 722 3089 a
736 3036 849 3090 ueritate
863 3035 971 3103 quidem
985 3033 1104 3087 auditum

316 3144 326 3176 ι
348 3133 482 3189 avertent,
499 3126 532 3179 ad
551 3124 655 3181 tubulus
669 3136 759 3182 autern
775 3135 979 3182 corruertcntnr.
994 3124 1104 3179 Onerati

317 3230 327 3263 ι
351 3213 469 3283 peccatis
481 3213 706 3271 ducunturnariis
719 3215 872 3281 desideriis,
885 3231 991 3285 scrnper
1002 3215 1107 3271 discen·

318 3324 327 3357 ι
349 3314 400 3371 tes,
416 3313 443 3359 et
458 3321 594 3375 nunquam
605 3307 638 3359 ad
652 3307 794 3361 scientiam
809 3306 933 3362 veritatis
947 3306 1104 3377 pervenien-

1152 2399 1345 2471 praudicabant,
1375 2400 1423 2455 Dei
1452 2399 1603 2454 cultoribus
1630 2401 1817 2467 mentiretur,
1845 2404 1946 2473 quando

1153 2490 1216 2546 hinc
1239 2487 1479 2558 exeuntes,justos
1498 2489 1575 2544 linxit
1591 2492 1619 2545 in
1641 2506 1691 2546 sua
1718 2506 1782 2546 esse
1807 2501 1945 2562 potestate.

1154 2581 1207 2636 Sed
1222 2582 1273 2636 hoc
1285 2581 1418 2652 quosdam
1439 2580 1517 2644 fallit,
1534 2581 1605 2650 quod
1620 2582 1653 2637 de
1675 2591 1770 2638 morte
1786 2581 1855 2638 Saul
1867 2593 1893 2639 et
1904 2584 1947 2639 llil

1154 2671 1212 2740 cius
1226 2686 1280 2726 nnn
1301 2671 1337 2727 sit
1360 2671 1501 2737 merrtitus,
1528 2671 1605 2740 quasi
1626 2686 1759 2741 maguum
1785 2672 1824 2727 sit
1847 2673 1947 2729 diabolo

1156 2774 1221 2820 ante
1234 2779 1360 2820 occasum
1382 2772 1496 2819 mortem
1514 2764 1635 2833 corporis
1648 2765 1818 2833 praevidere,
1833 2781 1893 2821 com
1915 2766 1947 2820 si·

1156 2873 1207 2928 gna
1222 2856 1345 2925 quaedam
1369 2855 1474 2909 soleant
1490 2868 1623 2924 apparere
1647 2855 1814 2911 utoriurris:
1830 2856 1948 2926 quippca

1156 2950 1254 3019 quibus
1270 2947 1316 3002 Dei
1333 2946 1467 3016 protectio
1486 2955 1577 3001 auriota
1601 2946 1711 3001 videtur
1727 2966 1734 3002 :
1751 2958 1859 3017 quanto
1872 2950 1948 3020 magis

1156 3035 1288 3100 diabolus,
1312 3049 1392 3105 quem
1408 3035 1529 3106 angelica
1551 3033 1694 3103 maiestate
1722 3037 1871 3093 sublimem
1894 3053 1948 3109 pro

1157 3126 1264 3197 phctica
1278 3125 1388 3181 oracula
1401 3124 1485 3181 luisse
1501 3133 1634 3180 testantur
1650 3142 1657 3179 :
1674 3126 1710 3181 de
1728 3125 1810 3195 cuius
1824 3129 1948 3199 magnitu-

1157 3219 1220 3274 dine
1235 3218 1381 3289 Apostolus
1401 3219 1440 3272 ait
1456 3236 1462 3272 :
1481 3237 1490 3269 ι
1506 3216 1546 3272 ιιι
1566 3218 1699 3289 ignoratis
1720 3218 1892 3277 altitudinem
1905 3218 1948 3274 Sa

1158 3312 1245 3367 tanae?
1263 3330 1272 3364 t
1293 3311 1385 3383 (tpoc.
1400 3310 1444 3383 ιι.)
1464 3310 1532 3376 Quid
1549 3310 1649 3365 unirutn
1668 3310 1791 3384 segeni
1814 3311 1948 3367 imminen-

319 3415 328 3449 ι
353 3407 402 3452 tcs.
422 3417 431 3449 ι
450 3396 681 3463 Quemadmodum
703 3406 793 3452 autem
820 3397 919 3452 tauma
931 3405 959 3451 et
972 3386 1142 3452 llurnbresC
1159 3412 1213 3458 tem
1227 3418 1311 3473 prope
1331 3412 1446 3459 mortem
1459 3404 1555 3473 ¹potuit
1581 3402 1827 3473 praeviderentur
1849 3405 1898 3460 boe
1917 3404 1951 3458 ἅ

310 3488 474 3542 'restiterunt
492 3487 587 3559 lloysi,
604 3488 642 3542 ita
663 3499 691 3543 ct
709 3490 752 3544 isti
769 3489 899 3545 resistunt
914 3490 1020 3544 veritati
1037 3507 1043 3543 :
1058 3490 1107 3543 ho·
1159 3495 1231 3550 unde
1243 3494 1322 3560 fallit,
1334 3501 1403 3550 etse
1417 3495 1444 3549 in
1457 3494 1505 3550 liei
1525 3502 1660 3564 potestate
1672 3494 1735 3549 vult
1747 3494 1869 3550 adorari.
1887 3492 1948 3548 liant

317 3579 404 3635 taines
418 3581 537 3650 corrupti
557 3588 656 3645 munte,
675 3581 782 3650 reprobi
805 3582 878 3637 circa
894 3580 973 3636 fidem
987 3600 992 3636 :
1007 3582 1055 3638 sed
1069 3581 1109 3635 ul-
1160 3595 1234 3641 tanta
1257 3586 1421 3642 hebetudine
1440 3586 1552 3641 demens
1575 3584 1690 3641 ellectus
1708 3594 1754 3642 est
1778 3586 1857 3651 Saul,
1869 3595 1899 3640 ut
1918 3585 1949 3639 ad

319 3678 359 3722 rra
376 3684 427 3722 uon
439 3669 589 3737 prolicient.
604 3669 758 3739 lnsipicntia
772 3670 843 3725 enirn
861 3686 955 3726 eorum
966 3671 1108 3727 manifesta
1159 3677 1346 3748 pythonissam
1370 3675 1537 3747 confugeret.
1562 3675 1736 3745 beprasatns
1758 3677 1852 3741 eninr,
1876 3688 1948 3730 caum

318 3762 372 3816 crit
386 3762 528 3825 omnibus,
544 3762 614 3817 sicut
636 3772 663 3817 ct
685 3762 793 3818 illorum
816 3762 875 3817 luit.
895 3763 949 3819 Nec
964 3764 1024 3819 ideo
1037 3765 1110 3834 qnis-
1159 3767 1276 3838 peccati,
1294 3766 1398 3822 adhaec
1418 3782 1448 3822 se
1469 3764 1595 3832 contulit,
1617 3780 1678 3836 quae
1699 3762 1950 3821 damnaueratSed

318 3870 399 3925 quam
414 3854 526 3909 credere
547 3854 628 3909 debet
651 3855 784 3924 quoslibet
809 3857 921 3928 magicis
940 3857 1043 3912 artibus
1062 3857 1110 3911 ali·
1160 3857 1183 3912 si
1199 3858 1261 3927 quis
1271 3867 1380 3929 propter
1394 3860 1536 3915 historiam
1552 3868 1583 3915 ut
1597 3874 1629 3914 ea
1643 3874 1707 3929 qua·
1721 3861 1818 3916 verbis
1832 3874 1949 3931 expressa

317 3942 381 4012 quid
404 3942 493 3997 lucere
510 3958 590 4012 posse
607 3944 665 3998 sine
687 3945 820 4014 permissu
837 3946 894 4009 bei,
909 3946 1036 4015 quoniam
1050 3961 1110 4015 quae
1160 3960 1233 4017 surrt,
1253 3960 1331 4019 putet
1355 3966 1407 4007 unu
1430 3950 1672 4021 praetermittenda,
1687 3968 1724 4008 ue
1750 3953 1826 4008 ratio
1841 3952 1949 4008 historie

320 4032 398 4097 Γιιιιῑ,
420 4033 551 4104 ιιῑιιιιῑθ
564 4030 667 4101 31ιᾶῑοῑο
682 4032 756 4099 lacit,
777 4043 824 4089 ³¹11
846 4037 979 4105 permissu
1004 4051 1054 4091 ιιι)
1073 4037 1109 4091 llil
1161 4045 1250 4101 inauris
1278 4045 1324 4110 sit,
1347 4054 1423 4100 recte
1445 4045 1526 4100 laeiet
1540 4045 1660 4115 quidem,
1676 4044 1701 4100 si
1728 4054 1823 4100 tamen
1850 4044 1951 4099 nriuiure

320 4121 378 4177 heri
394 4124 468 4187 sinit,
491 4123 561 4192 quod
579 4124 699 4192 praedicti
723 4126 792 4196 uragi
810 4125 935 4196 leguntur
957 4126 1055 4181 similia
1071 4127 1110 4181 le·
1160 4133 1233 4188 istud
1245 4132 1279 4187 ad
1294 4132 1350 4188 reri
1365 4133 1452 4204 rapiat
1472 4132 1615 4197 rationem,
1640 4132 1688 4187 sed
1711 4132 1746 4187 ad
1772 4134 1863 4187 visum
1875 4140 1902 4186 et
1914 4132 1950 4185 ιι

319 4215 389 4269 cisse
402 4213 498 4285 ‚lloysi
512 4232 521 4265 ι
535 4214 693 4285 quivirgum
709 4231 784 4269 suam
800 4214 924 4286 projecit,
937 4224 965 4270 et
979 4232 1108 4272 conversa
1161 4223 1298 4279 tellectum
1319 4221 1395 4278 Saul.
1414 4222 1506 4293 Neque
1525 4223 1596 4278 enim
1618 4222 1755 4291 reprobus
1770 4220 1873 4288 lactus,
1884 4229 1951 4292 pote

323 4324 332 4356 ι
354 4314 397 4359 cst
412 4305 439 4360 in
455 4306 600 4360 draconem
616 4325 622 4359 :
640 4306 864 4377 projeceruntque
879 4308 929 4379 ipsi
944 4309 1041 4380 singuli
1055 4310 1111 4364 vir·
1162 4322 1205 4369 rat
1218 4315 1319 4369 bonrum
1329 4313 1493 4368 intellectum
1505 4312 1616 4368 habere.
1627 4311 1787 4368 historicus
1797 4314 1873 4368 cuim
1885 4327 1951 4366 utere

323 4414 332 4447 ι
355 4411 402 4465 gas
415 4411 489 4460 snas,
502 4412 562 4467 quac
576 4412 662 4451 versae
678 4400 782 4453 suntin
798 4398 931 4456 dracones
946 4419 953 4457 :
968 4403 1016 4458 sed
1030 4403 1111 4457 deto—
1161 4415 1216 4461 tem
1232 4405 1297 4461 Saul
1317 4413 1344 4461 et
1366 4406 1486 4461 habitum
1509 4404 1647 4461 Samuelis
1667 4404 1830 4475 descripsit,
1849 4420 1881 4460 ea
1897 4417 1951 4475 quae

322 4503 332 4535 ι
353 4483 424 4539 ravit
434 4484 510 4554 uirga
524 4485 614 4538 Aaron
625 4485 714 4556 uirgas
727 4502 820 4541 eorum
835 4486 933 4559 (and.
947 4489 1006 4561 ιιι).
1024 4511 1033 4543 ι
1051 4490 1109 4546 Νοιι
1162 4496 1234 4551 dicta
1248 4503 1276 4551 et
1288 4496 1347 4552 risa
1360 4504 1423 4552 suut
1435 4496 1589 4567 exprimens
1605 4514 1611 4550 :
1628 4497 1848 4567 praetermittens
1861 4497 1883 4551 si
1893 4510 1951 4549 uera

319 4589 385 4646 ergo
404 4575 512 4630 luerunt
537 4583 677 4631 creatores
699 4576 865 4642 draeomun,
882 4594 931 4633 nec
954 4582 1041 4653 magi,
1060 4598 1110 4637 nec
1162 4603 1196 4640 aar
1210 4584 1278 4642 falsa
1290 4588 1354 4643 siut.
1369 4587 1438 4654 Quid
1450 4588 1522 4642 enim
1537 4588 1592 4642 aitl
1606 4587 1729 4643 Audiens
1746 4588 1778 4644 iu
1797 4604 1852 4659 qno
1867 4587 1950 4643 habitu

319 4662 405 4733 attgeli
422 4662 497 4729 unali,
519 4662 617 4733 quibus
638 4663 768 4719 nrinistris
791 4664 835 4718 itta
857 4668 1049 4735 operabantur.
1065 4671 1109 4725 ln·
1163 4689 1235 4735 esser
1247 4679 1391 4746 excitatus,
1401 4679 1544 4744 intellexit,
1559 4679 1657 4750 inquit,
1669 4680 1743 4735 hunc
1758 4695 1823 4735 (ω
1838 4676 1948 4735 semaei

321 4755 467 4810 srrntenim
483 4754 565 4809 rebus
580 4756 1110 4826 corporeisperemniaclcmeutamun·
1162 4769 1230 4836 Quia
1253 4769 1425 4836 intellexerit,
1449 4768 1562 4825 retulit:
1578 4777 1606 4825 et
1625 4768 1690 4838 quia
1710 4784 1767 4824 non
1788 4770 1859 4824 bene
1878 4765 1950 4822 intel·

319 4843 357 4909 di,
382 4844 504 4914 quaedam
528 4844 641 4899 occultae
668 4845 819 4902 seminariae
844 4847 962 4904 rationes
985 4866 991 4903 ε
1013 4851 1111 4920 quihus
1163 4862 1240 4926 texit,
1256 4871 1351 4916 eontra
1365 4861 1533 4932 §cripturam
1559 4859 1641 4914 abunt
1661 4860 1793 4915 adoravit
1812 4875 1893 4930 quant
1904 4859 1951 4914 bn

320 4952 381 4990 cum
392 4936 544 4992 datalnerit
556 4939 919 5009 opportunitastemporalis,
931 4951 1111 5011 prorumpunt
1162 4950 1265 5005 minum
1281 4969 1287 5004 :
1302 4957 1330 5005 et
1342 4959 1439 5021 putam
1455 4949 1618 5014 Sarriuelem,
1632 4948 1760 5003 adoravit
1776 4949 1950 5003 diabolorum

321 5024 347 5080 in
364 5026 469 5094 species
485 5025 590 5081 debitas
606 5027 662 5081 suis
683 5027 769 5082 modis
780 5036 808 5083 et
823 5030 920 5084 tinibus
936 5049 942 5084 :
959 5031 1041 5086 etsie
1057 5047 1110 5087 non
1163 5039 1278 5096 fructum
1296 5039 1408 5096 tallaciae
1420 5056 1476 5095 suae
1496 5041 1618 5096 haberet.
1635 5039 1755 5095 Satanas
1766 5041 1822 5096 hoc
1833 5040 1904 5095 euim
1914 5040 1951 5094 ai-

320 5112 445 5170 dicnntur
455 5116 542 5187 angeli
553 5118 599 5187 qni
611 5118 661 5173 ista
677 5119 946 5175 laciuntanimalium
961 5133 1109 5189 creatores,
1164 5132 1240 5197 titur,
1254 5139 1284 5185 nt
1295 5132 1423 5187 adoretur
1436 5133 1513 5202 quasi
1527 5133 1607 5187 heus.
1623 5131 1653 5187 si
1668 5132 1743 5188 euim
1758 5148 1827 5189 vere
1846 5130 1948 5192 ean-al

320 5202 392 5257 sicut
405 5218 456 5258 nec
474 5206 608 5275 agricolae,
625 5217 746 5279 segetum
771 5209 814 5265 ιιι
829 5211 956 5265 arborum
981 5214 1022 5268 ιιι
1042 5229 1110 5285 quo·
1164 5221 1201 5275 illi
1214 5222 1392 5291 apparuisset,
1410 5236 1465 5276 non
1477 5223 1570 5290 utique
1582 5222 1625 5277 vir
1634 5219 1727 5291 justus
1743 5223 1913 5293 permisisset
1924 5236 1950 5275 se

322 5308 489 5365 rumeunque
510 5296 537 5351 iu
555 5305 629 5353 terra
652 5301 819 5371 gignentium
840 5311 978 5359 creatores
1002 5306 1109 5359 dicendi
1165 5313 1283 5377 adorari,
1299 5314 1345 5382 qui
1360 5313 1553 5383 praedicaverat
1571 5313 1715 5369 bominum
1729 5314 1822 5371 solum
1839 5331 1898 5371 esse
1909 5312 1949 5368 ad·

322 5395 393 5450 sunt,
411 5388 535 5457 quamuis
549 5401 682 5445 noverunt
701 5394 822 5463 praebere
844 5396 975 5464 quasdam
992 5396 1111 5453 risibiles
1164 5406 1295 5460 einardum
1311 5421 1318 5459 r
1335 5413 1363 5459 et
1377 5405 1512 5474 quomodo
1525 5405 1606 5460 homo
1619 5403 1666 5459 bei
1680 5404 1727 5473 qui
1740 5420 1808 5462 curn
1820 5404 1948 5462 Ababa·

299 5497 301 5501 ·
322 5477 537 5549 opportunitates
551 5487 578 5534 et
589 5496 696 5546 causas,
709 5493 739 5538 ut
750 5484 794 5538 illa
805 5495 959 5541 nascantur.
973 5486 1049 5555 Quod
1061 5505 1110 5542 au·
1165 5497 1192 5552 in
1211 5494 1352 5566 refrigerio
1365 5503 1435 5561 erat,
1448 5495 1556 5551 dicebat
1568 5495 1602 5550 ad
1618 5494 1709 5550 virum
1727 5493 1902 5565 pestilera&
1914 5493 1948 5548 di·

324 5576 378 5622 tem
390 5567 434 5624 isti
447 5567 550 5624 faciunt
563 5570 715 5638 visibiliter,
728 5576 780 5631 hoc
793 5575 829 5630 illi
845 5578 1025 5634 invisibiliter.
1042 5579 1112 5636 neus
1165 5599 1247 5654 gnum
1266 5584 1364 5638 ardore
1381 5584 1511 5653 gehenuae
1527 5584 1613 5641 :Cras
1629 5599 1738 5641 mecum
1753 5588 1823 5642 eris.
1835 5584 1949 5641 llisthe·

323 5674 388 5716 uero
400 5661 483 5728 solus,
499 5678 568 5719 unus
582 5672 754 5732 creatores,
770 5669 817 5738 qui
829 5684 925 5724 causas
942 5670 1014 5740 ipsas
1025 5680 1052 5725 et
1066 5687 1110 5725 ra·
1163 5672 1216 5726 hus
1229 5672 1315 5726 titulis
1329 5672 1506 5727 subtilitatem
1518 5671 1632 5727 fallaciae
1646 5688 1704 5729 suae
1717 5676 1841 5744 prouidit
1860 5677 1948 5745 impat-

325 5752 411 5806 tiones
429 5754 588 5810 seminarias
605 5754 686 5810 rebus
709 5756 833 5812 inseruit.
850 5758 984 5815 Praeterea
1002 5762 1111 5830 quidam
1164 5762 1241 5817 vidus
1254 5761 1370 5817 Satanas
1385 5778 1392 5816 ε
1408 5763 1472 5833 quia
1489 5772 1519 5819 et
1533 5763 1641 5820 adorari
1660 5779 1693 5821 se
1705 5767 1834 5837 permisit
1848 5767 1897 5823 sub
1910 5765 1949 5820 lta·

324 5841 496 5907 qnaerendum
508 5844 745 5912 putantquomodo
757 5844 896 5917 Scriptura
905 5855 999 5903 narret
1008 5846 1034 5921 (l
1047 5846 1111 5919 Reg.
1164 5850 1221 5905 bitu
1240 5859 1268 5906 et
1291 5852 1403 5908 nornine
1427 5852 1561 5908 Samuelis
1579 5863 1675 5909 centn
1694 5853 1786 5929 hgem
1803 5866 1851 5913 :et
1872 5857 1948 5910 rimu

322 5930 601 6001 aartttlpythonissanr
619 5934 770 5992 Samuelem
791 5938 950 6009 prophetam
968 5941 1113 5998 suscitasse
1164 5945 1282 6013 peccatis
1294 5959 1429 6013 pressum,
1447 5960 1508 6002 cum
1528 5961 1625 6017 magna
1636 5946 1771 6004 distantia
1788 5958 1949 6021 peccatam
