4500 6842
316 669 366 725 eru
804 666 973 728 corruam.
996 672 1028 726 uv
1048 638 1275 730 cruciamen.
1297 705 1330 714 -
1351 676 1414 731 uo.
1433 676 1452 731 r.
1892 681 1946 739 sat

314 791 460 838 rrrcustrarr
476 780 508 834 dc
522 780 620 850 quibus
631 788 755 835 conserat
765 794 866 846 omma,
878 790 990 844 terram,
1002 783 1102 853 iguem,
1117 792 1141 847 Α
1155 800 1219 839 ovcs
1231 800 1316 850 meas,
1330 794 1357 840 ct
1368 796 1534 856 cognoscunt
1546 804 1588 843 mc
1601 805 1699 845 meae.»
1715 787 1767 859 Qul
1780 805 1873 847 rursus
1885 794 1921 847 ait
1935 813 1942 848 ;

312 889 422 936 aerem,
445 888 560 941 aquam,
584 887 643 941 quac
657 872 792 941 quomodo
806 873 857 928 sibi
876 871 1050 939 misceantur,
1075 884 1103 929 ct
1156 874 1230 944 rligo
1239 876 1295 929 scio
1304 890 1371 944 quos
1381 877 1517 947 elegerim.
1530 898 1538 928 r
1552 878 1603 933 Per
1613 880 1868 950 contemplationem
1879 897 1945 938 vero

314 982 376 1022 cum
391 964 495 1036 singula
509 963 578 1028 siut,
595 963 645 1017 sibi
659 962 752 1031 juncta
768 962 918 1026 videantur,
933 962 1102 1032 invicemque
1152 967 1215 1036 quia
1230 981 1311 1035 super
1325 969 1503 1038 nosmetipsos
1518 970 1636 1024 tollimur
1648 971 1724 1041 quasi
1739 972 1766 1026 iu
1782 987 1844 1027 aere
1857 974 1945 1028 cleva-

310 1076 340 1115 ει·
358 1063 485 1126 tangant,
504 1062 532 1107 et
550 1054 576 1108 iu
595 1068 648 1106 uua
666 1067 780 1122 persona
796 1052 972 1106 animantium
987 1062 1103 1121 quatuor

313 1148 418 1219 species
431 1145 547 1201 habeant
561 1157 594 1200 ac
608 1144 717 1215 liguros,
732 1159 784 1197 non
800 1154 841 1198 cst
854 1144 984 1213 propositi
1000 1144 1100 1214 operis.

310 1244 433 1312 Quatuor
446 1253 554 1309 quoque
569 1246 642 1293 rotas
659 1239 692 1291 de
711 1237 828 1292 terrenis
844 1236 877 1290 ad
894 1236 1018 1291 sublimia
1037 1251 1102 1290 con-

311 1342 456 1405 surgentes
471 1329 584 1401 singulis
597 1339 624 1385 ct
638 1327 867 1399 quadriformibus
878 1325 985 1395 junctas
998 1327 1102 1380 anima-

311 1426 398 1490 libus,
418 1422 461 1477 vel
485 1422 640 1477 eorumdem
664 1419 857 1474 elementorum
886 1417 1100 1472 commistionem

309 1515 462 1576 estimant,
477 1511 519 1566 rel
534 1519 653 1581 quatuor
668 1520 821 1578 temporum
836 1507 967 1561 circulum
982 1508 1028 1576 qui
1047 1516 1102 1561 ter-

309 1607 354 1662 nis
377 1605 519 1661 coniicitur
533 1602 688 1664 mensibus,
715 1614 870 1668 annumque
886 1609 1035 1653 vertentem
1055 1599 1101 1667 qui

309 1695 346 1749 ab
359 1709 393 1749 eo
405 1693 477 1764 quod
492 1707 600 1762 semper
616 1700 746 1754 vertatur,
761 1698 788 1744 et
804 1690 829 1744 iu
850 1705 879 1744 sc
893 1690 985 1744 redeat
1002 1705 1101 1744 nomeu

309 1787 457 1857 acceperit.
476 1784 515 1840 lic
529 1785 627 1855 quibus
645 1784 756 1854 pulchre
775 1798 828 1837 uno
842 1783 978 1838 versiculo
998 1780 1100 1837 dictum

308 1889 375 1935 est:
479 1885 508 1922 ιι

358 1991 417 2053 ver,
426 1998 508 2049 astas,
519 2002 657 2048 autumnus,
669 1988 756 2048 biems,
766 1995 791 2038 et
803 1990 902 2047 mensis,
915 1993 941 2037 et
951 1999 1037 2037 annus·

306 2100 440 2170 Quodque
455 2099 553 2154 dicitur
568 2099 652 2154 :licat
665 2108 723 2153 rota
739 2100 765 2153 in
781 2110 854 2164 rota,
869 2115 969 2153 annrrm
986 2100 1013 2153 ia
1028 2114 1100 2154 anno

307 2190 456 2269 significari
470 2198 576 2258 putant.
598 2190 636 2245 lle
650 2206 703 2245 ouo
717 2191 787 2245 alius
800 2199 878 2261 poeta
892 2189 1033 2261 (Virpil.):

433 2321 482 2377 Sua
494 2332 539 2383 per
549 2323 653 2381 vestrgla
664 2320 765 2371 volvitur
777 2334 862 2371 arruns.

306 2423 486 2479 l'irmamenti
499 2423 581 2477 etiam
593 2421 809 2486 similitudinem,
821 2439 881 2492 quac
892 2423 1019 2496 crystallo
1030 2439 1102 2479 com-

305 2528 430 2589 paratur,
442 2518 540 2574 coelum
552 2517 603 2571 boc
613 2516 684 2586 qrrnd
697 2517 860 2587 suspicimus
871 2517 984 2589 intelligi
995 2518 1099 2582 volunt,

305 2614 359 2668 sub
372 2626 428 2681 quo
442 2610 588 2664 volvuntur
603 2618 631 2664 ct
651 2618 789 2663 transeam
806 2618 922 2680 quatuor
936 2611 1098 2675 animantia,

306 2705 490 2770 thronumque
504 2699 603 2755 coloris
621 2699 762 2770 sapphiri,
781 2708 808 2755 ct
822 2701 960 2755 sedentem
985 2701 1102 2770 desuper

305 2791 446 2849 bominem
462 2792 512 2846 sub
529 2791 646 2845 burmann
663 2790 853 2852 similitudine,
876 2791 1017 2859 imperium
1032 2807 1099 2846 cun-

304 2892 350 2938 cta
373 2881 493 2950 regentis
513 2882 656 2950 omniaque
680 2882 806 2936 habeatis
823 2882 873 2937 sub
890 2882 1003 2955 pedihus
1026 2883 1099 2947 suis,

303 2974 512 3045 omnipotentiae
535 2974 583 3029 lici
608 2974 724 3029 describi
748 2982 909 3039 arrtnmant,
937 2974 1043 3043 dicique
1067 2976 1100 3030 ad

303 3076 471 3123 extremum.
498 3064 562 3120 llaec
575 3064 643 3119 visio
660 3064 847 3119 similitudinis
868 3064 960 3135 gloriae
983 3064 1097 3119 bonrinl.

304 3157 358 3213 Per
371 3171 432 3225 quac
445 3155 523 3225 quasi
536 3170 586 3225 per
598 3155 731 3224 picturam
747 3155 890 3223 quamdam
904 3162 930 3208 et
944 3154 1098 3225 imaginem,

302 3247 505 3319 providentiam
521 3245 717 3310 demonstrari,
737 3245 864 3315 quodque
878 3245 961 3315 pedes
975 3245 1099 3298 animan-

304 3340 374 3395 tium
393 3339 463 3394 recti
482 3352 542 3393 esse
558 3338 692 3401 dicantur,
715 3344 744 3391 et
760 3336 850 3406 planta
869 3335 945 3406 pedis
962 3335 1037 3389 vituli
1052 3350 1100 3390 seu

304 3431 442 3497 rotunda,
460 3436 568 3485 terrena
581 3443 694 3499 quaeque
709 3428 742 3482 ad
758 3428 879 3483 coelestia
894 3426 1053 3492 subvolare,
1072 3433 1100 3480 ct

1153 1072 1223 1111 rrrur.
1241 1057 1361 1123 Quatuor
1374 1075 1438 1131 ergo
1452 1061 1535 1115 iacies
1548 1064 1592 1116 rud
1609 1058 1681 1117 sunt.
1701 1064 1768 1131 Quia
1782 1065 1805 1119 si
1821 1066 1944 1135 requiras

1153 1149 1216 1217 qnid
1233 1149 1373 1203 llattharus
1388 1151 1421 1205 dc
1439 1152 1627 1219 incarnatione
1641 1153 1746 1209 Dorrriui
1761 1155 1876 1221 sentiat,
1893 1156 1945 1211 boc

1152 1240 1279 1294 nimirum
1307 1242 1389 1296 scutit
1411 1242 1483 1312 quod
1508 1242 1629 1309 llarcus,
1653 1245 1742 1301 Lucas
1764 1255 1791 1301 et
1814 1244 1943 1303 loannes.

1153 1328 1181 1384 Si
1201 1347 1307 1401 quaeras
1326 1332 1389 1401 quid
1407 1330 1526 1388 loaarres
1546 1337 1664 1401 sentiat,
1690 1338 1740 1392 hoc
1755 1338 1847 1407 procul
1864 1338 1945 1393 dubio

1152 1426 1223 1496 quud
1252 1424 1356 1489 Lucas,
1386 1425 1492 1481 llarcus
1523 1436 1550 1481 ct
1580 1429 1732 1484 llattlncus.
1767 1431 1795 1485 si
1823 1430 1947 1500 requiras

1152 1516 1216 1584 quid
1243 1514 1369 1581 hiarcam,
1401 1517 1452 1571 hoc
1479 1518 1551 1586 quod
1581 1519 1741 1584 llatthacus,
1772 1519 1889 1575 loannes
1918 1528 1946 1575 ct

1152 1607 1249 1662 Lucas.
1279 1607 1308 1662 Si
1331 1609 1454 1677 requiras
1476 1608 1540 1679 quid
1562 1609 1667 1673 Lucas,
1693 1611 1744 1665 hoe
1767 1610 1839 1680 quod
1861 1608 1943 1665 loan-

1152 1714 1209 1764 nes,
1222 1699 1362 1753 llattbmus
1375 1708 1402 1753 et
1420 1699 1528 1754 Marcus
1540 1702 1631 1755 sentit.
1652 1702 1773 1768 Quatuor
1787 1717 1851 1773 ergo
1864 1700 1948 1757 iacies

1153 1790 1197 1843 uni
1212 1798 1283 1854 sunt,
1299 1790 1361 1859 quia
1381 1789 1477 1864 notitia
1501 1789 1563 1844 ssdci
1577 1808 1629 1860 qua
1652 1800 1879 1862 cognoscuntura
1895 1791 1947 1846 llo-

1152 1880 1225 1933 mino
1241 1880 1295 1933 Deo
1308 1880 1365 1949 ipsa
1383 1890 1424 1934 est
1437 1880 1463 1933 in
1476 1895 1539 1944 uno,
1553 1896 1613 1950 quac
1626 1889 1667 1935 est
1682 1882 1762 1936 simul
1778 1881 1804 1936 iu
1820 1891 1945 1951 quatuor.

1152 1967 1228 2035 Quod
1245 1968 1316 2022 caim
1330 1969 1355 2022 in
1369 1986 1422 2024 uuo
1436 1969 1585 2034 inveneris,
1607 1970 1659 2025 boc
1674 1972 1700 2025 in
1716 1972 1842 2027 omatibus
1866 1972 1947 2027 simul

1152 2069 1268 2129 quatuor
1282 2060 1463 2131 recognoscis
1480 2078 1489 2111 r
1506 2060 1539 2114 Et
1552 2069 1667 2129 quatuor
1678 2064 1836 2132 perrrrmuni.
1855 2083 1864 2114 r
1878 2063 1946 2130 Quia

1117 2136 1200 2205 libet
1213 2151 1404 2221 omnipotentis
1431 2152 1513 2207 filium
1528 2152 1672 2207 Dominum
1697 2152 1787 2208 lesum
1806 2153 1944 2209 Christum

1153 2244 1232 2298 simul
1241 2259 1336 2299 omncs
1346 2245 1516 2299 concorditer
1527 2244 1685 2314 predicant,
1696 2254 1725 2300 et
1735 2244 1768 2299 ad
1778 2246 1945 2301 divinitatem

1151 2331 1210 2401 ejus
1229 2334 1327 2388 mentis
1341 2334 1433 2389 oculos
1457 2334 1584 2398 levantes,
1601 2350 1688 2404 penna
1712 2334 1948 2405 contemplationis

1151 2426 1251 2480 volant.
1275 2425 1506 2497 Evangelistarum
1521 2442 1586 2496 crgo
1601 2425 1684 2481 iacies
1697 2426 1731 2480 ad
1752 2427 1947 2482 humanitatem

1152 2518 1257 2571 Domini
1282 2518 1408 2586 pertinet,
1427 2533 1515 2587 pcuua
1537 2517 1570 2571 ad
1585 2518 1773 2573 divinitatem:
1789 2520 1851 2589 quia
1873 2520 1899 2573 in
1914 2535 1948 2574 co

1151 2627 1230 2679 quem
1246 2626 1404 2680 corporeum
1429 2611 1564 2680 aspiciunt
1577 2611 1653 2680 quasi
1669 2610 1765 2666 laciem
1792 2611 1945 2666 intendunt.

1149 2697 1205 2756 ,Sed
1228 2699 1290 2752 dum
1309 2698 1380 2751 hunc
1399 2713 1459 2751 esse
1480 2697 1741 2767 incircumscriptum
1757 2708 1838 2768 atque
1857 2699 1946 2753 inorr-

1150 2807 1262 2863 poreum
1281 2808 1314 2847 ea
1327 2792 1468 2846 divinitate
1491 2793 1664 2856 annuntiant,
1679 2806 1728 2861 per
1740 2789 1946 2861 contemplatio·

1150 2883 1193 2935 uis
1206 2896 1333 2951 pennam,
1349 2882 1424 2950 quasi
1449 2882 1475 2935 in
1493 2896 1555 2936 aera
1569 2881 1700 2935 levantur.
1724 2879 1793 2947 Quia
1813 2880 1903 2949 itaque
1917 2888 1946 2935 ct

1150 2984 1204 3024 una
1227 2977 1269 3024 est
1295 2969 1362 3024 lidos
1386 2969 1580 3024 iucarnationis
1593 2969 1652 3038 cius
1674 2970 1700 3023 in
1715 2968 1840 3023 omnihus
1854 2979 1881 3022 et
1896 2983 1945 3038 par

1150 3064 1341 3135 contemplatio
1358 3065 1508 3120 divinitatis
1522 3065 1580 3135 ejus
1607 3066 1633 3119 in
1653 3065 1776 3137 singulis,
1787 3074 1861 3120 recte
1873 3080 1945 3120 nunc
1977 3098 1988 3110 -

1151 3156 1382 3225 dicitur,quatuor
1395 3155 1540 3218 iaciesuai,
1550 3165 1576 3211 et
1585 3164 1701 3225 quatuor
1714 3171 1809 3228 penne
1824 3156 1880 3209 uni.
1891 3154 1944 3211 Sed

1150 3264 1209 3317 quaa
1222 3248 1309 3303 virtus
1325 3261 1408 3312 esset,
1435 3249 1457 3302 si
1477 3248 1556 3302 tidem
1578 3258 1659 3319 atque
1688 3248 1942 3317 contemplationem

1151 3337 1256 3392 Domini
1280 3337 1411 3392 habentes
1431 3339 1623 3407 praedicatores
1646 3336 1717 3392 illius
1744 3348 1836 3408 sancta
1861 3353 1942 3405 opera

1151 3442 1204 3481 non
1228 3428 1376 3483 baberent?
1400 3426 1549 3497 Sequitur:
1573 3447 1582 3480 r
1607 3427 1640 3482 Et
1655 3429 1736 3498 pedes
1753 3443 1846 3483 eurum
1862 3427 1943 3496 pedes

303 3524 434 3579 omnihus
447 3522 553 3593 angulis
566 3520 711 3590 amputatis
723 3518 916 3574 rotunditatem
932 3518 1023 3587 sequi,
1038 3483 1135 3588 quacC
1152 3519 1228 3573 recti.
1241 3538 1250 3569 r
1261 3517 1328 3584 Quid
1336 3533 1384 3588 per
1396 3520 1486 3588 perles,
1497 3519 1548 3572 nisi
1560 3532 1670 3588 gressus
1679 3527 1786 3571 actumn
1800 3518 1947 3588 designan-

303 3613 428 3669 omnium
445 3613 591 3682 figurarum
609 3609 790 3681 pulcherrirna
805 3615 860 3671 est,
881 3608 1014 3664 scintillas
1029 3607 1097 3662 ruti·
1151 3608 1210 3662 tur?
1223 3607 1343 3675 Quatuor
1363 3624 1427 3678 ergo
1450 3607 1606 3661 animalium
1634 3608 1716 3676 pedes
1740 3608 1805 3662 recti
1821 3623 1880 3661 csse
1894 3607 1942 3660 de-

304 3703 395 3759 lantes
416 3709 514 3757 cuncta
537 3702 616 3773 plena
637 3701 747 3756 luminis
768 3699 897 3755 indicare.
921 3699 981 3752 rEt
1002 3713 1098 3753 manus
1149 3699 1313 3753 scribuntur.
1344 3697 1413 3765 Quia
1439 3705 1594 3751 sauctorum
1612 3697 1844 3767 Evangelistarum
1862 3706 1943 3765 atquo

305 3796 427 3853 bominis
445 3795 497 3849 sub
514 3794 648 3865 pennis.»
676 3792 743 3848 'lam
768 3792 853 3862 ipsius
876 3790 993 3846 hominis
1016 3805 1096 3860 quam

305 3887 395 3943 lconis
409 3895 439 3941 et
453 3886 529 3941 vituli
544 3894 573 3941 et
586 3885 694 3957 aquilae,
710 3893 738 3939 ut
756 3885 826 3938 ratio
839 3890 936 3938 cuncta
952 3890 1096 3947 sustentet,

307 3993 339 4032 ac
353 3977 389 4032 (le
400 3975 554 4031 humilitate
568 3983 686 4039 terrena,
700 3974 733 4028 ad
748 3972 868 4028 coelestia
882 3972 1012 4028 sublevet.
1035 3971 1098 4027 llaec

306 4067 382 4123 etad
397 4067 552 4135 Evangelia,
571 4066 644 4120 etad
659 4072 756 4120 cuncta
774 4078 833 4133 qurc
849 4078 930 4133 supra
945 4062 1096 4133 posuimus,

307 4159 411 4215 reterre
428 4171 581 4228 possum.
596 4156 712 4210 Audisse
725 4169 768 4209 me
781 4153 891 4208 memini
905 4162 1022 4222 quatuor
1036 4168 1097 4222 per-

308 4252 486 4314 turbationes,
503 4248 648 4319 dequibus
671 4246 827 4317 plenissime
842 4243 937 4300 Cicero
950 4245 976 4298 in
992 4242 1095 4299 Tuscu-

307 4340 376 4396 lanis
398 4341 532 4413 dispatat,
558 4339 665 4409 galidii,
692 4336 876 4408 aegritudinis,
902 4336 1045 4405 cupidinis,
1069 4342 1096 4390 ct

1149 3789 1269 3843 omnium
1288 3786 1471 3858 perlectorum
1484 3803 1567 3857 opera
1578 3787 1612 3842 ad
1630 3786 1793 3858 sequendam
1814 3786 1940 3856 iniquita-

1150 3888 1203 3935 tcm
1222 3896 1276 3934 non
1294 3888 1355 3935 sunt
1379 3888 1490 3934 retorta.
1515 3879 1546 3933 lli
1572 3887 1662 3934 autem
1680 3879 1761 3949 pedes
1775 3887 1864 3933 rectos
1888 3892 1942 3931 non

1149 3970 1260 4032 babent,
1274 3970 1319 4040 qui
1346 3970 1380 4025 ad
1399 3969 1469 4024 mala
1495 3970 1588 4023 mundi
1611 3984 1671 4039 quae
1693 3967 1852 4037 reliquerint
1868 3966 1943 4022 reilc‘

1149 4069 1268 4115 etuatnr.
1282 4061 1320 4114 lle
1331 4056 1429 4131 quibus
1440 4059 1569 4130 scriptum
1583 4067 1626 4114 cst
1639 4077 1646 4113 ι
1664 4057 1897 4113 ‹Canisrcversus
1910 4056 1943 4109 ad

1148 4152 1278 4207 vomitum
1292 4163 1380 4217 suum,
1395 4158 1423 4205 et
1436 4167 1482 4206 sus
1497 4153 1551 4206 lota
1566 4151 1592 4205 in
1613 4150 1756 4205 volutabro
1776 4150 1824 4204 luti
1850 4146 1941 4221 (Pron.

1148 4242 1234 4313 xxvi).
1247 4261 1255 4293 r
1269 4240 1373 4297 Utvero
1387 4242 1520 4297 ineisdem
1530 4241 1870 4312 predicatoribussanctis,
1881 4239 1942 4295 vitae

1147 4335 1275 4405 gravitas,
1284 4334 1637 4405 lortitudoatqucdiscretio
1651 4342 1856 4399 monstraretur,
1871 4341 1942 4387 rcctc

307 4432 429 4495 tirrroris,
447 4445 562 4501 quorum
585 4429 638 4483 duo
657 4428 818 4498 praeseutia,
842 4428 895 4481 duo
910 4426 999 4481 lutrrra
1015 4426 1093 4490 surit,
1147 4426 1330 4497 srrlrjungitur:
1341 4444 1350 4476 r
1361 4426 1489 4496 Etplanta
1499 4420 1674 4496 pediscorunl
1682 4426 1759 4496 quasi
1767 4425 1859 4495 planta
1867 4425 1942 4496 pedis

308 4539 355 4593 per
364 4532 482 4593 quatuor
495 4521 641 4592 significari
655 4520 793 4584 animalia,
806 4521 838 4575 de
858 4521 956 4591 qulbus
971 4529 997 4574 et
1010 4518 1090 4590 Virgi-
1148 4517 1254 4571 vituli.»
1271 4516 1339 4584 Quia
1351 4518 1422 4572 enirn
1432 4517 1625 4587 predicatores
1639 4515 1726 4571 sancti
1739 4514 1820 4569 boum
1835 4514 1942 4569 neruiue

304 4614 359 4669 ¹lius
372 4614 527 4669 breviterzn
541 4612 922 4681 llincmctvmntcupiuntque,
938 4611 1093 4679 dolentque,
1147 4610 1332 4680 designantur,
1344 4609 1421 4663 docet
1443 4607 1542 4662 Paulus
1557 4604 1712 4675 apostolus,
1735 4605 1802 4675 legis
1823 4605 1942 4659 testimo·

307 4709 494 4777 gaudentque,
508 4725 517 4757 r
533 4720 593 4775 ‹11¹ae
607 4705 663 4776 regi
678 4705 793 4759 debeant
808 4703 913 4757 fullone
927 4712 954 4757 ct
974 4702 1093 4772 poledhe
1147 4709 1220 4762 nium
1233 4722 1391 4777 exponens:
1410 4724 1420 4757 r
1438 4705 1496 4760 Non
1512 4704 1653 4761 obturabis
1666 4720 1697 4760 os
1721 4702 1783 4758 bovi
1801 4702 1940 4757 triuuaati

308 4798 362 4862 lici,
374 4798 528 4868 quibusque
539 4796 668 4865 oppositae
689 4795 744 4849 sint
766 4794 820 4847 imo
841 4793 972 4863 impositae
982 4792 1094 4846 virtutes
1148 4799 1171 4870 (l
1185 4798 1246 4853 Cor.
1256 4799 1305 4865 rx).
1318 4798 1346 4853 ln
1359 4799 1461 4853 sanctis
1471 4814 1535 4868 ergo
1549 4795 1773 4865 praedicatoribus
1787 4794 1878 4865 planta
1894 4810 1941 4864 pe-

307 4898 432 4957 i¹¹2l¹¹⁰fr
448 4888 601 4956 bludffillla,
618 4884 731 4954 justitia,
748 4882 889 4948 fortitudo,
905 4883 1092 4952 lflfflbsstffltliss,
1147 4892 1188 4946 dis
1214 4898 1255 4945 est
1270 4890 1357 4955 vituli,
1370 4889 1472 4944 scilicet
1492 4897 1519 4944 et
1543 4898 1648 4942 mature
1673 4887 1802 4942 incedens
1819 4894 1847 4940 ct
1861 4884 1940 4941 lvrrtis

307 4989 335 5034 ut
356 4996 451 5035 earuttl
467 4981 653 5050 gubernentur
666 4977 789 5032 arbitrio.
805 4976 870 5043 Qllffl
890 4977 1025 5046 quomodo
1039 4975 1091 5030 vul·
1147 4996 1174 5043 et
1191 4987 1286 5041 divisa,
1311 4987 1378 5053 Quia
1397 4985 1581 5055 unusquisque
1603 4983 1765 5054 ppaedjcatop
1786 4989 1813 5037 et
1827 4996 1941 5035 venera.

307 5072 376 5127 libus
392 5072 525 5136 h⁰¹¹¹5¹¹lsr
544 5070 647 5133 lconis,
666 5068 798 5137 vitulique
815 5076 841 5122 ⁰¹
858 5066 955 5136 aslUilae
966 5076 1095 5137 millen·
1146 5079 1246 5133 tionem
1257 5077 1339 5131 habet
1350 5076 1376 5129 iu
1392 5077 1593 5137 rrraturitatc,et
1607 5072 1792 5127 fortitudinem
1806 5070 1833 5124 in
1844 5083 1937 5139 opero,

307 5164 485 5229 ¹¹1b0¹ll¹¹l¹¹⁰
501 5170 643 5217 [leucium
657 5160 771 5234 (timp).
795 5158 894 5213 Sancta
907 5167 1025 5227 ll¹¹i¹¹ss0s
1037 5158 1095 5213 ²⁰5·
1146 5178 1172 5223 et
1186 5167 1344 5222 divisionem
1357 5164 1460 5233 ungulae
1474 5165 1499 5217 in
1514 5162 1685 5217 discretione.
1701 5160 1759 5215 Nou
1774 5159 1846 5215 onim
1860 5158 1940 5214 lacilo

307 5254 403 5316 melia,
426 5267 488 5321 quae
508 5252 657 5322 lll⁰bl¹01iae
678 5251 775 5319 Sitifim
800 5251 888 5303 sulum
912 5248 1095 5316 praevidentur
1146 5257 1302 5327 praedicatio
1323 5256 1382 5326 ejus
1396 5256 1537 5324 accipitur,
1562 5254 1584 5308 si
1604 5253 1670 5309 levis
1696 5253 1723 5307 in
1747 5251 1867 5306 moribus
1878 5264 1939 5305 esse

305 5346 395 5401 subtili
406 5345 563 5399 narratione
575 5343 775 5406 describuntur,
787 5356 849 5396 cum
862 5341 980 5395 dicitur:
997 5358 1006 5391 t
1023 5341 1094 5407 Qua·
1147 5348 1279 5402 videatur,
1302 5347 1335 5400 Et
1354 5346 1425 5400 nulla
1443 5347 1496 5400 erit
1519 5344 1682 5399 maturitatis
1695 5344 1823 5406 ostensio,
1838 5341 1859 5397 si
1871 5357 1937 5396 con·

306 5447 365 5494 tuor
385 5439 469 5494 laeics
490 5437 546 5498 uni,
564 5444 591 5491 et
610 5445 727 5505 quatuor
743 5450 837 5503 penate
858 5434 939 5486 unii
964 5433 1032 5496 huid
1046 5447 1093 5500 por·
1143 5437 1187 5489 'tra
1212 5436 1325 5490 aelrersa
1351 5435 1441 5490 omnia
1471 5451 1525 5489 non
1551 5433 1667 5487 adiuerit
1684 5433 1774 5503 operis
1799 5430 1936 5485 tortitudo.

305 5528 410 5596 faciem,
432 5530 485 5583 uisi
506 5529 613 5592 notitia,
636 5536 663 5582 et
684 5525 746 5596 quid
770 5540 951 5595 perpennam
973 5523 1025 5578 nisi
1049 5538 1094 5577 vo·
1146 5524 1261 5580 Virtutis
1278 5534 1367 5579 autem
1383 5526 1508 5580 meritum
1524 5526 1581 5594 ipsa
1593 5524 1721 5578 fortitudo
1735 5521 1825 5593 operis
1835 5520 1934 5574 admit·

305 5620 373 5677 latus
395 5621 579 5691 etprimitur?
600 5620 652 5674 Per
671 5619 768 5674 laciem
788 5620 888 5688 qnippe
910 5618 1110 5686 unusquisque
1147 5616 1190 5679 tit,
1208 5615 1230 5669 si
1246 5614 1360 5669 discreta
1380 5614 1407 5668 in
1437 5613 1571 5669 intellectu
1588 5629 1640 5667 non
1658 5612 1745 5666 inerit.
1771 5610 1840 5663 Ecce
1864 5607 1935 5661 enirn

305 5713 486 5783 cognoscitur,
499 5725 548 5779 per·
565 5722 680 5779 pennam
697 5724 762 5763 vero
783 5709 809 5761 in
824 5707 908 5761 :vitrum
927 5707 1016 5760 avium
1030 5721 1092 5761 cor·
1147 5721 1250 5760 sacram
1267 5703 1434 5773 scripturam
1461 5703 1587 5774 legimus,
1614 5704 1636 5756 si
1655 5703 1744 5756 omnia
1763 5700 1797 5754 ad
1818 5697 1934 5752 litteram

305 5818 367 5872 pora
388 5800 575 5855 sublevantur.
597 5799 692 5854 Facies
715 5800 807 5867 itaque
823 5798 857 5851 ad
872 5797 951 5851 iidem
964 5798 1090 5867 pertinet.
1147 5796 1309 5861 sentiamus,
1325 5796 1453 5851 virtutem
1467 5795 1637 5850 discretionis
1652 5794 1821 5853 amittimus,
1845 5790 1868 5844 si
1880 5803 1938 5844 ora·

305 5891 393 5948 Perrua
416 5892 450 5946 aul
466 5890 730 5960 contemplationem.
753 5886 898 5943 Persidem
920 5903 1037 5957 natuque
1059 5887 1093 5942 ab
1147 5888 1191 5941 nia
1207 5886 1240 5941 ad
1263 5886 1412 5956 spiritalem
1426 5887 1580 5957 allegoriam
1594 5885 1731 5949 ducimus,
1753 5880 1877 5937 similiter
1890 5879 1935 5935 iu·

304 5984 489 6054 nnrnipotcnte
512 5983 567 6037 Deo
589 5981 787 6052 cognoscimur.
815 5978 891 6033 Sicut
909 5979 966 6049 ipse
984 5978 1017 6033 de
1035 5978 1092 6032 suls
1146 5976 1317 6032 discretionis
1328 5976 1440 6031 stultitia
1456 5976 1579 6047 ligamur,
1593 5976 1683 6044 legunt
1695 5973 1766 6027 caim
1786 5985 1863 6032 sacra
1880 5969 1933 6025 elo

303 6079 397 6135 ovibus
417 6076 503 6133 dicit:
521 6094 530 6126 r
548 6076 603 6145 Ego
621 6090 681 6130 sum
702 6084 794 6143 pastor
806 6074 904 6137 bouus,
918 6082 945 6127 ct
958 6086 1091 6141 cognosco
1145 6066 1207 6137 quia
1219 6066 1410 6138 praedicatores
1424 6066 1509 6121 sancti
1524 6072 1551 6118 ct
1568 6061 1711 6133 ahquamclo
1725 6061 1751 6116 in
1762 6058 1876 6115 historia
1890 6057 1930 6114 lh
