4500 6842
304 731 340 788 tu
750 729 901 788 bublum
923 729 966 785 illi
986 728 1105 785 restis
1123 727 1327 798 ramerudis,
1347 719 1425 789 bre.
1901 735 1935 788 stt

304 865 355 908 urrs
364 855 464 920 potest.
479 846 554 902 Beati
567 848 681 918 pacifici,
691 850 815 918 qnoniam
827 849 876 918 ipsi
893 847 942 916 filii
959 847 1005 901 Dei
1020 862 1096 899 roca·
1110 845 1133 903 ,l
1147 847 1306 901 sedeamus
1319 847 1442 918 martyrii
1458 847 1487 901 llt
1500 857 1640 922 perpetua.
1652 848 1728 904 Beati
1744 848 1827 920 igitur
1837 861 1935 920 martr-

304 938 529 1009 tuerenpreem
552 938 603 993 iste
624 947 728 1009 martyr
754 939 879 1008 primitus
901 939 929 993 ln
948 938 1093 1006 semetipso
1147 951 1191 992 res
1205 938 1256 993 sibl
1270 937 1406 1004 rixemur,
1427 947 1456 994 et
1479 941 1577 995 mortui
1599 939 1753 1010 exemplum
1776 939 1855 996 nobis
1874 940 1935 994 ruii-

303 1029 377 1096 iecit,
390 1043 559 1085 cumomues
572 1030 761 1092 motoscarrris
774 1044 830 1084 sure
849 1029 962 1099 spiritus
982 1028 1094 1096 imperio
1146 1035 1273 1096 querunt,
1296 1028 1366 1082 bene
1391 1028 1524 1094 vivendo,
1548 1030 1771 1096 conversationis,
1796 1025 1935 1085 tolerantie

303 1120 465 1192 subiugavit,
481 1127 509 1175 et
526 1118 567 1173 sic
588 1119 699 1174 verbum
713 1118 941 1175 reconciliationis
954 1117 1014 1172 aliis
1026 1131 1095 1187 prae-
1146 1117 1263 1187 inrtiter,
1279 1120 1422 1191 passionis.
1449 1120 1516 1176 Narn
1545 1121 1607 1177 ideo
1634 1122 1764 1178 Dominus
1786 1136 1835 1192 per
1851 1129 1937 1180 totum

304 1212 403 1268 dicavit
425 1212 507 1277 uude,
533 1219 561 1265 et
583 1212 685 1280 peccati
711 1225 794 1280 regno
818 1210 968 1271 destructo,
996 1206 1095 1263 multos
1146 1211 1276 1266 mundum
1288 1211 1403 1266 diversis
1413 1212 1502 1280 poeuis
1513 1211 1568 1281 pati
1582 1221 1716 1283 martyres
1728 1212 1824 1278 voluit,
1839 1221 1868 1267 ut
1878 1220 1938 1269 taa-

303 1301 373 1357 ilios
395 1314 445 1372 per
472 1301 637 1371 baptismum
661 1309 689 1355 et
711 1302 929 1371 predicationem
956 1298 1095 1367 Evangelii
1146 1314 1227 1371 quam
1238 1301 1326 1356 idonei
1344 1310 1427 1357 testes
1436 1303 1580 1372 prasentia
1594 1303 1709 1372 quadam
1733 1303 1794 1359 lidei
1813 1302 1937 1373 exemplo

304 1393 358 1449 neo
379 1390 534 1462 aequisivit.
564 1390 640 1445 Beati
662 1391 707 1461 qni
732 1390 935 1460 persecutionem
960 1389 1096 1460 patrumm
1132 1406 1202 1454 'ene
1211 1394 1555 1465 mntesstouisorguerem,
1568 1393 1938 1465 urtrunramtragtttmsque

302 1480 557 1555 propterp'nstitiam,
571 1481 694 1551 quonium
713 1480 829 1550 ipserum
851 1488 889 1534 est
901 1493 1010 1549 repntrm
1022 1475 1097 1531 ereio·
1147 1486 1331 1557 praedicationi
1342 1486 1489 1540 nominicae
1503 1485 1599 1540 audires
1608 1483 1722 1557 longiori
1735 1485 1779 1539 six
1789 1484 1885 1551 credie,
1897 1487 1939 1539 ega

304 1591 361 1629 ιιιιιι
384 1587 395 1625 .·
416 1572 633 1644 persecutionem
659 1571 742 1641 igitur
762 1578 871 1640 propter
891 1568 1024 1639 justitiam
1041 1583 1096 1622 nnn
1147 1576 1174 1632 ῑῃ
1193 1577 1337 1647 progenita
1360 1577 1515 1633 sagramento
1537 1578 1658 1648 martyrii
1685 1578 1816 1632 caenaret.
1844 1575 1939 1631 ceneri

303 1663 413 1720 selures
425 1663 547 1733 paganis,
561 1663 615 1718 irno
629 1662 712 1718 etlam
725 1662 759 1718 ab
770 1661 906 1718 haereticis
916 1668 945 1716 et
964 1660 1097 1716 schisma·
1147 1667 1230 1738 igitur
1243 1672 1377 1738 martyrae
1386 1666 1561 1723 devotissime
1569 1668 1674 1722 colendi
1689 1676 1763 1733 seraa,
1774 1668 1821 1723 sed
1835 1668 1940 1739 epecta-

303 1753 376 1815 tieis,
392 1767 511 1808 necnon
527 1760 555 1807 et
578 1767 593 1806 a
613 1750 686 1806 lalsis
700 1750 861 1808 Christianis
875 1766 972 1821 passus
984 1758 1036 1815 est,
1050 1750 1097 1819 qni
1147 1756 1209 1812 liter
1218 1757 1246 1812 tri
1255 1757 1497 1814 venerandisunta
1507 1758 1706 1828 nobisquorum
1715 1758 1843 1829 reliquias
1853 1760 1940 1830 possi-

303 1859 363 1898 cum
375 1842 473 1897 validis
494 1842 698 1898 insectabantur
710 1843 789 1908 odiis,
815 1841 1057 1912 vituperationibus
1068 1847 1098 1896 et
1147 1848 1251 1905 demus.
1267 1848 1306 1903 lili
1318 1848 1390 1904 onim
1401 1864 1452 1904 nos
1463 1848 1632 1904 orationibus
1644 1849 1783 1919 adjuvant,
1799 1849 1845 1904 isti
1857 1849 1939 1906 etiam

303 1933 434 1990 conviciis
448 1932 595 1997 laniabant,
617 1941 698 2002 utque
712 1933 817 1989 insidiis
834 1933 982 2004 distittssilib
996 1932 1098 1988 inlelli-
1148 1938 1277 2008 adjuvant
1288 1938 1416 2009 passione
1427 1956 1433 1992 :
1446 1952 1508 1994 eum
1520 1938 1564 1994 his
1578 1943 1667 1993 antem
1681 1939 1761 1993 nobis
1770 1937 1941 1994 familiaritas

303 2038 365 2078 cere
377 2022 707 2093 sepissimeeogiunanr;
726 2023 772 2078 seu
788 2023 920 2079 Dominus
943 2022 1017 2076 tuum
1031 2036 1095 2092 pro
1147 2030 1329 2100 mesenen,
1339 2043 1446 2098 semper
1454 2029 1527 2083 eorm
1540 2027 1940 2093 nonroenmmmaeeenetro

305 2112 423 2185 tegebat,
438 2119 468 2167 ut
485 2111 623 2182 Evangelii
646 2113 821 2169 seminarium
845 2113 926 2168 latius
951 2120 1095 2169 cresceret.
1148 2119 1771 2192 corporevtmntesenstmliunt,etdeeorpere
1783 2118 1940 2172 recedentes

306 2197 455 2258 Novissime
476 2217 552 2268 tero,
578 2217 639 2257 cum
665 2201 807 2258 Frisuuum
829 2203 901 2274 genti
913 2204 1025 2258 verbum
1047 2200 1095 2258 Dei
1110 2222 1134 2282 B
1147 2212 1302 2281 excipiunt:
1314 2211 1374 2275 hie,
1389 2225 1424 2266 ne
1444 2216 1616 2280 peecatorum
1627 2207 1702 2263 labes
1718 2215 1859 2263 assumant
1875 2219 1941 2269 nos,

304 2294 473 2363 predicaret,
488 2309 549 2348 eum
563 2292 651 2363 palma
663 2293 786 2364 martyrii
796 2292 829 2347 ad
840 2293 982 2350 Dominum
997 2294 1097 2365 migra·
1148 2302 1185 2360 rbi
1200 2317 1234 2358 ne
1249 2302 1347 2357 inferni
1362 2301 1461 2358 home
1480 2301 1598 2355 invadas,
1622 2297 1690 2353 Nam
1714 2297 1776 2354 ideo
1797 2313 1814 2353 a
1831 2295 1942 2367 majori.

305 2383 351 2437 til·
376 2383 448 2438 Esse
472 2381 595 2450 audistis,
611 2382 710 2439 stallos
725 2385 887 2451 charissimi,
913 2398 963 2454 per
977 2384 1098 2457 Slssssulas
1147 2392 1198 2448 bus
1214 2389 1941 2461 hoeprnvisumestutsauetorumossinusnnstracor·

304 2475 409 2546 speeies
419 2475 594 2530 beatitudiuis
604 2475 720 2546 qualitur·
732 2477 784 2532 istc
800 2485 911 2532 sanetas
924 2479 1038 2532 antistes
1050 2477 1096 2531 bei
1147 2499 1212 2556 poen
1221 2484 1365 2547 sociemus,
1373 2490 1404 2536 ut
1413 2482 1477 2537 dum
1484 2481 1545 2537 rilos
1556 2489 1675 2536 tartarus
1687 2479 1794 2545 metuit,
1802 2492 1851 2532 nos
1859 2491 1940 2547 poena

304 2576 331 2623 ⁰¹
341 2579 446 2640 martyr
456 2570 625 2640 proiciebat,
639 2580 667 2625 et
681 2571 715 2624 ad
729 2585 811 2639 quant
825 2570 1016 2640 perlectionem
1035 2585 1097 2641 per·
1148 2588 1201 2630 nnn
1217 2583 1324 2645 tangat;
1344 2573 1408 2628 dum
1430 2572 1491 2628 illos
1510 2570 1635 2627 Christus
1656 2566 1802 2631 illuminat,
1824 2582 1839 2621 a
1865 2566 1944 2621 noltls

305 2657 439 2712 veniebat.
454 2658 593 2714 lutitemtrr
606 2675 666 2724 nos,
681 2661 726 2729 qui
742 2658 844 2715 alumni
858 2658 917 2728 eius
930 2675 1035 2725 suenus,
1049 2675 1098 2730 pru
1148 2664 1324 2719 tenebrarum
1338 2662 1427 2732 caligo
1441 2660 1571 2731 diffugiat.
1592 2658 1659 2715 Cum
1674 2658 1776 2713 sanctis
1789 2671 1854 2727 ergo
1873 2670 1943 2709 naar-

306 2745 414 2801 mmlulo
433 2755 536 2813 nostro,
556 2747 707 2819 proiectum
730 2747 805 2817 ejus;
826 2764 972 2820 sequamur
996 2749 1097 2803 monita
1148 2753 1253 2824 tyribus
1261 2752 1444 2821 quiescentes,
1456 2749 1602 2806 evademus
1615 2746 1713 2802 interni
1726 2745 1863 2810 tenebras,
1877 2752 1906 2799 et
1917 2745 1942 2799 si

307 2831 387 2899 illius,
403 2841 431 2888 et
444 2833 561 2901 sie,lleo
583 2835 741 2906 opitulante,
763 2839 952 2908 perveniemus
974 2837 1009 2891 ad
1030 2852 1098 2907 prrc-
1148 2857 1202 2898 ιιοιι
1216 2841 1333 2913 propriis
1347 2840 1469 2905 meritis,
1487 2848 1608 2894 aimmeu
1622 2839 1685 2894 tldci
1700 2838 1815 2892 veritate
1827 2844 1855 2889 et
1872 2849 1939 2891 osra-

306 2920 389 2977 ruinm
403 2921 473 2992 ejus.
499 2921 651 2978 Laudemus
674 2923 701 2978 in
728 2923 841 2981 Domino
863 2926 981 2981 animam
1002 2919 1097 2994 ipsius,
1149 2932 1226 2987 soreii
1251 2930 1405 2986 mussitate.
1424 2928 1557 3000 llartpres
1575 2927 1648 2983 enim
1668 2924 1766 2981 iricnti
1786 2932 1863 2995 porta
1886 2937 1942 2978 nort

307 3012 368 3082 quia
383 3014 463 3070 modo
476 3030 537 3070 cum
554 3014 656 3069 sanctis
669 3014 771 3084 augelis
786 3015 931 3072 laetaturiu
953 3024 1098 3085 conspeetu
1149 3021 1282 3092 possidet,
1303 3020 1433 3091 quoniam
1451 3033 1500 3076 eos
1518 3017 1636 3089 paradisi
1651 3031 1762 3087 reguum
1780 3022 1861 3069 tenet.
1875 3011 1942 3068 Nan

308 3101 373 3172 eius.
387 3101 559 3161 Honoremus
576 3105 657 3161 etiarn
671 3119 770 3175 corpus
794 3105 877 3172 illins,
900 3106 963 3177 quia
984 3107 1099 3177 pretiose
1149 3113 1270 3168 etaemus
1284 3125 1331 3165 eos
1352 3110 1398 3167 hie
1411 3111 1504 3181 artique
1515 3109 1572 3178 jam
1592 3123 1723 3179 regirare3
1749 3106 1943 3161 eemtmusess

308 3202 348 3250 est
359 3196 388 3249 in
403 3207 541 3266 conspeetu
558 3195 665 3252 Domini
678 3214 748 3252 mors
762 3206 912 3252 sanctorem
927 3196 985 3267 ep'ns
1011 3194 1095 3266 (Psoi.
1149 3200 1306 3271 frequentet·
1328 3200 1363 3255 ab
1383 3198 1610 3254 immundissimis
1629 3197 1797 3251 daemonibus
1819 3196 1945 3249 obsessis·

308 3282 378 3354 err).
393 3283 643 3342 Commemoremus
654 3288 809 3357 passionem
823 3285 892 3356 ejus,
904 3294 932 3341 et
944 3286 985 3342 sie
997 3286 1024 3340 iu
1038 3286 1098 3342 loco
1149 3290 1272 3346 lrnmiues
1284 3290 1417 3355 iiberare;
1441 3290 1563 3345 videmus
1578 3298 1605 3343 et
1622 3291 1656 3342 ab
1667 3289 1707 3342 eis
1722 3295 1827 3342 nature
1843 3294 1943 3342 nostre

308 3373 481 3445 reliquiarum
494 3376 567 3433 illius
582 3376 749 3433 celebremus
763 3376 875 3450 gloriam
886 3375 1014 3446 triumphi
1028 3375 1097 3445 ejus.
1147 3380 1334 3437 infirmitatem
1350 3381 1476 3446 relevari,
1490 3381 1543 3436 bec
1552 3388 1596 3435 cst
1608 3389 1693 3435 caecas
1706 3377 1862 3444 illuminari,
1876 3392 1939 3433 sur·

309 3465 363 3524 Nou
377 3468 451 3523 euim
464 3483 540 3523 aram
561 3469 751 3525 constituimus
766 3477 895 3539 tanquam
917 3467 973 3522 Dee
991 3464 1099 3523 Bouiia·
1149 3470 1192 3527 dis
1204 3471 1324 3526 auditum
1337 3471 1461 3541 praeberi,
1482 3470 1585 3527 claudis
1598 3484 1721 3541 gressum
1743 3468 1846 3537 tribui,
1859 3467 1943 3524 mutis

309 3560 359 3625 eiu,
383 3558 430 3613 scd
448 3573 514 3613 vero
529 3558 585 3614 Deo
608 3574 684 3614 aram
708 3558 820 3615 lecimus
839 3556 1020 3623 Boniiacimu,
1034 3556 1098 3628 quia
1111 3584 1137 3648 C
1151 3560 1295 3630 loquelam,
1310 3569 1337 3615 et
1350 3560 1483 3616 debilibus
1497 3560 1641 3618 multarem
1655 3558 1783 3615 conferri.
1797 3557 1861 3613 lies
1875 3572 1942 3629 quc

310 3653 383 3707 sedes
394 3651 487 3721 ntique
500 3649 548 3706 Dei
560 3659 602 3706 cst
620 3652 711 3706 anima
733 3651 818 3722 ipsius
839 3668 845 3703 :
872 3650 906 3705 ad
929 3646 1007 3718 cujus
1032 3662 1099 3719 gau·
1152 3658 1241 3721 qucct
1256 3650 1308 3705 alia
1322 3649 1451 3705 miracula
1462 3665 1511 3720 per
1521 3657 1630 3706 sauetm
1643 3649 1701 3705 lteri
1711 3649 1839 3705 omuibus
1850 3655 1942 3703 mlum

311 3741 380 3796 ιΓιιιιιι
393 3741 607 3813 perorationem
625 3742 696 3797 illius
709 3758 758 3798 nos
771 3740 912 3814 pervenire
934 3755 1015 3811 posse
1035 3755 1101 3796 ceu·
1151 3750 1211 3810 eet,
1225 3749 1253 3798 et
1268 3742 1344 3807 idco,
1360 3740 1476 3808 iratres,
1495 3755 1656 3798 reueremur
1668 3757 1716 3798 eos
1729 3742 1756 3796 in
1772 3742 1824 3797 boe
1835 3739 1943 3803 meum,

311 3831 396 3897 radat,
409 3831 455 3901 qui
471 3829 547 3885 illum
565 3832 754 3903 triumpharat,
779 3830 858 3886 iesus
872 3830 996 3887 Christus
1009 3829 1100 3885 Donni·
1150 3830 1790 3904 quosdeleusuresbalterecupirnusiuiuturo
1806 3848 1814 3883 ι
1831 3829 1944 3884 etsictn
2009 3867 2017 3881 .

313 3936 358 3975 uus
371 3931 473 3984 noster,
485 3922 531 3990 qui
545 3921 609 3977 risit
621 3929 649 3977 et
666 3929 761 3992 regnat
770 3934 832 3975 curn
844 3919 898 3974 lico
908 3917 990 3972 Patre
999 3926 1028 3974 ct
1040 3916 1101 3988 Spi·
1150 3935 1213 3978 curu
1230 3921 1270 3976 cis
1284 3921 1392 3976 ossibus
1408 3926 1550 3990 pareutum
1565 3927 1720 3975 nostrorum
1740 3918 1890 3988 jungimur,
1904 3917 1942 3971 ita

313 4010 360 4066 ritu
387 4021 485 4068 saneto
500 4013 582 4078 Dens,
608 4027 658 4083 per
683 4011 774 4068 omnia
802 4007 899 4066 secula
928 4008 1098 4065 seculorum.
1150 4020 1179 4068 et
1188 4012 1228 4067 eis
1238 4009 1301 4066 ildei
1314 4009 1464 4065 imitatione
1476 4006 1631 4077 jungamur.
1653 4006 1802 4077 Diligamus
1814 4003 1941 4075 quedilli

313 4100 406 4160 Amen.
1151 4100 1312 4164 dilexerunt,
1327 4106 1355 4153 et
1373 4097 1497 4154 odiamus
1508 4097 1581 4167 quod
1594 4096 1630 4152 illi
1643 4096 1772 4161 edentut;
1789 4105 1944 4166 quaeramus

581 4185 723 4248 ttortltta
737 4189 823 4248 XXV.
1150 4189 1223 4259 quod
1238 4188 1289 4259 ipsi
1302 4187 1487 4257 quaesiuruut,
1502 4195 1530 4241 et
1541 4185 1707 4257 reluginmus
1720 4186 1791 4256 quod
1806 4185 1856 4255 ipsi
1871 4186 1945 4242 relu-

448 4295 477 4339 ιιι
488 4299 587 4339 raram
598 4299 692 4340 srucar
704 4298 798 4338 ausast
812 4294 945 4336 eaurrnts
1151 4280 1269 4351 gieruut.
1291 4278 1450 4334 Dilexernut
1461 4277 1570 4347 quidem
1584 4278 1621 4332 illi
1637 4278 1720 4331 licum
1733 4294 1766 4332 ex
1781 4286 1837 4332 totu
1851 4277 1942 4339 cerda,

343 4373 443 4429 Sancta
468 4372 625 4428 solemnitas
651 4371 799 4428 beatissimi
829 4369 925 4424 Albani
952 4366 1098 4438 urartyris,
1152 4367 1328 4433 tntaauimn,
1349 4365 1944 4437 totavirtute,etprorimossunstauquam

313 4477 368 4532 quas
386 4475 445 4528 nos,
461 4459 561 4517 iratres
572 4459 738 4527 citatissimi,
754 4460 781 4515 iu
798 4472 907 4514 nomme
920 4456 1026 4512 Domiui
1038 4470 1101 4510 esn-
1152 4456 1272 4525 seips0s;
1292 4455 1329 4509 ita
1343 4464 1372 4512 ct
1383 4469 1433 4511 nos
1445 4454 1513 4511 uilril
1530 4470 1623 4511 amore
1640 4455 1686 4511 lici
1700 4471 1899 4525 praeponamus,
1915 4465 1945 4511 ct

314 4551 440 4623 gregavit,
460 4541 494 4606 de
512 4551 618 4607 meritis
631 4560 659 4606 et
671 4549 757 4621 gloria
779 4550 846 4605 tanti
872 4546 999 4619 martyris
1018 4544 1102 4618 exigit
1151 4545 1289 4623 prerximos
1301 4554 1409 4602 uestros
1420 4546 1448 4602 in
1460 4562 1619 4616 quoeunque
1630 4546 1942 4617 possinrusadjmemus.

315 4639 412 4714 aliquid
425 4641 492 4707 dici,
516 4641 564 4698 serl
588 4656 641 4696 non
667 4650 756 4712 potest
782 4640 883 4712 aliquid
907 4638 987 4710 digne
1010 4636 1063 4692 diei
1092 4649 1100 4689 ι
1152 4635 1191 4690 llli
1201 4633 1316 4691 oderunt
1328 4636 1451 4703 vitia,et
1466 4640 1618 4692 vitaverunt
1630 4644 1756 4706 peccata,
1773 4651 1824 4692 tros
1835 4649 1942 4706 quoque

317 4739 499 4787 remortameu
516 4740 544 4786 et
560 4747 610 4786 uus
624 4731 767 4787 devotione
781 4731 866 4802 magis
879 4745 960 4801 quam
974 4728 1102 4784 laeultatu
1152 4726 1277 4783 similiter
1292 4726 1455 4783 detestemur
1468 4728 1551 4791 vitia,
1570 4737 1598 4781 et
1611 4726 1727 4781 vitemus
1740 4736 1861 4796 peecata.
1876 4726 1942 4796 ipsi,

317 4822 450 4879 laudemus
462 4838 535 4889 euru,
551 4823 606 4877 imo
621 4823 761 4878 [lentinum
775 4821 916 4878 laudemus
931 4821 958 4875 in
980 4836 1025 4884 co,
1049 4818 1101 4874 Do-
1153 4814 1317 4887 refugientes
1336 4814 1429 4870 lurum
1445 4816 1679 4887 buiusritae,per
1694 4814 1774 4870 lldem
1797 4825 1899 4871 rectam
1916 4825 1943 4874 cl

320 4913 413 4968 uriarum
426 4913 452 4966 in
467 4911 524 4978 illo,
538 4921 566 4967 et
579 4911 653 4966 illurn
668 4912 695 4967 iu
717 4911 840 4968 Domitio.
855 4909 924 4979 erid
937 4910 1008 4965 enim
1029 4916 1102 4964 essct
1115 4924 1141 4985 1)
1153 4907 1224 4963 boua
1236 4922 1319 4977 opera
1338 4908 1504 4979 quaesierunt
1517 4906 1598 4962 vitam
1611 4915 1757 4974 salernam
1774 4923 1825 4964 nos
1837 4923 1944 4980 qunque
1973 4910 1975 4912 ’

320 5001 369 5058 siue
389 5001 516 5069 nomino,
531 5017 582 5057 vox
601 5013 750 5073 martyrum
764 4999 797 5058 dc
810 5000 913 5072 psalmo
927 5016 987 5056 eum
1000 4997 1103 5070 legere·
1153 4996 1234 5053 siruili
1257 4995 1336 5052 modo
1359 4996 1544 5052 renuntiantes
1570 4995 1753 5066 voluptatibus
1778 4997 1889 5064 carreis,
1915 4997 1943 5052 iu

323 5097 357 5143 tur
367 5092 457 5147 audita
473 5100 537 5146 est:
551 5090 687 5146 Auxilium
703 5101 821 5146 rrestrnm
833 5090 975 5145 innomine
998 5087 1102 5143 bomini
1153 5083 1216 5149 aue,
1230 5100 1290 5155 qun
1304 5084 1532 5155 perdilectionem
1543 5093 1681 5157 operatur,
1692 5101 1846 5157 quaeramus
1858 5088 1945 5152 vitam

325 5177 398 5246 ll’esl.
412 5181 519 5252 cxxrrr).
538 5179 567 5238 Si
583 5182 712 5237 auxilium
727 5182 848 5237 omniunt
861 5188 985 5236 nostrum
999 5178 1027 5233 iu
1052 5193 1102 5234 no·
1153 5175 1261 5231 beatam
1272 5184 1301 5231 ct
1314 5174 1412 5246 gaudia
1426 5174 1485 5231 siue
1499 5174 1552 5230 line
1568 5190 1703 5230 mansura.
1717 5174 1746 5230 ln
1765 5174 1839 5231 nubo
1850 5174 1943 5231 videli-

326 5270 385 5328 nlne
399 5273 516 5337 bomini,
530 5282 633 5344 quanto
651 5274 735 5346 magis
751 5283 900 5346 martyrum
923 5290 929 5326 :
955 5270 1002 5326 ubi
1016 5268 1103 5339 nrajor
1153 5272 1244 5328 octab
1259 5272 1325 5342 ipsis
1342 5271 1462 5342 separari
1474 5270 1633 5341 poterimus,
1648 5270 1670 5325 si
1683 5270 1818 5327 sociemus
1830 5285 1881 5327 nes
1890 5269 1944 5327 illis

328 5363 410 5432 lttgtta,
426 5362 464 5417 ibi
487 5363 575 5434 malas
595 5362 724 5418 auxilium
746 5361 928 5419 necessarium
945 5369 996 5417 est.
1009 5358 1101 5415 Facile
1155 5369 1210 5418 tarn
1224 5362 1353 5433 religione
1365 5377 1447 5432 quatu
1466 5375 1603 5431 corpore:
1625 5361 1696 5431 quod
1711 5376 1759 5432 per
1770 5360 1943 5417 intercessio-

329 5460 368 5516 tat,
379 5453 486 5521 iratres,
507 5464 656 5528 martymm
670 5454 799 5512 solemnia
811 5453 959 5517 celebrare,
973 5453 1020 5508 sed
1033 5449 1101 5507 dtffi·
1155 5469 1216 5508 nem
1229 5461 1257 5508 et
1272 5454 1367 5509 merita
1380 5452 1451 5524 iltius
1463 5452 1549 5507 sancti
1570 5451 1696 5522 martyris
1709 5451 1742 5505 ad
1758 5451 1836 5521 eujus
1849 5464 1942 5506 sacras

332 5539 368 5597 iile
387 5555 428 5601 est
450 5549 602 5618 martyrum
619 5547 758 5618 passiones
782 5543 890 5600 imitari.
910 5543 1061 5615 Augustam
1075 5548 1103 5597 ct
1155 5544 1283 5616 reliquias
1299 5553 1429 5610 astamus,
1443 5543 1501 5615 ipsc
1513 5543 1590 5597 nobis
1603 5552 1732 5612 praestare
1745 5542 1880 5613 dignetur,
1895 5544 1941 5612 qui

332 5643 415 5692 rreum
430 5637 647 5694 Christimorum
669 5640 741 5695 viarn
760 5639 819 5695 dum
833 5653 878 5694 res
901 5636 1013 5704 iaciunt,
1038 5652 1102 5691 rou-
1154 5650 1216 5690 eum
1239 5634 1319 5690 Patre
1334 5643 1362 5689 et
1375 5632 1479 5704 Spiritu
1499 5640 1594 5688 sancto
1613 5632 1681 5686 vivit
1701 5639 1729 5686 ct
1747 5641 1842 5705 regnat
1859 5632 1941 5697 Deus,

333 5726 429 5797 templus
442 5727 589 5800 uoluptatis
600 5737 628 5784 et
651 5729 793 5785 tolerantia
815 5728 960 5799 passionis.
975 5726 1103 5798 Quisquis
1154 5741 1202 5799 per
1216 5724 1305 5781 ournia
1322 5725 1419 5782 saecula
1434 5723 1604 5780 saeculorum.
1618 5724 1714 5778 Amen.

332 5807 395 5881 lgitur
405 5818 496 5874 taliter
528 5819 658 5890 confligit,
685 5819 754 5876 sciat
782 5834 813 5875 se
836 5833 897 5874 eum
919 5826 975 5873 toto
1001 5817 1103 5872 mundo
1420 5833 1561 5890 gggfflg
1584 5833 1678 5889 mr,

331 5901 548 5976 congererem
563 5908 585 5964 si
603 5909 661 5964 baec
675 5907 729 5965 duo
746 5908 848 5973 vineat,
868 5907 958 5974 idest,
972 5905 1102 5977 quidquid
1283 5923 1310 5961 m
1329 5922 1425 5962 uratur
1443 5920 1537 5961 asueri
1552 5920 1659 5960 rorrsrs
1676 5914 1825 5956 mensae.

331 5988 450 6053 blanditur
461 6007 490 6054 et
503 5998 635 6072 quidquid
647 6001 776 6068 minatur,
789 6000 827 6055 ita
844 5999 928 6055 vincit
949 5999 1080 6055 mundum
1093 6017 1100 6054 :
1190 5989 1250 6050 lam
1264 5997 1376 6053 Domita>
1387 5997 1550 6068 propitiante
1561 6036 1570 6059 ,
1585 5993 1682 6049 iratres
1695 5990 1848 6047 charissimi
1859 6032 1868 6058 ,
1888 6006 1939 6047 nort

329 6084 438 6160 relapsae
449 6090 523 6146 enim
538 6091 631 6148 menardi
655 6090 721 6149 talea
743 6097 785 6148 est
799 6098 827 6146 et
841 6105 909 6162 pene
932 6088 1101 6157 transitoria,
1155 6103 1250 6157 parum
1263 6087 1415 6144 desiderata
1428 6087 1535 6144 advenit
1549 6085 1699 6148 festivitas,
1715 6092 1742 6136 et
1754 6083 1815 6139 iden
1829 6083 1936 6151 quiem}
