4500 6842
333 622 384 681 ιιι
451 578 453 582 ’

650 620 681 673 Β.
702 615 827 671 RAUAM
844 615 953 670 tttbut
971 612 1132 668 atterttb't‘.
1149 610 1304 666 bucbxt.
1326 608 1468 665 ot‘Ettbtt
1487 608 1578 665 l'tlliS
1596 606 1630 663 ll.

1921 609 1967 663 stt

336 741 436 797 crillcio
450 740 520 793 euim
540 753 602 806 pars
611 735 719 806 pecudis
733 752 739 787 ε
758 734 784 786 iu
798 731 983 786 bolocauatnm
996 744 1060 781 reru
1083 738 1122 781 to·
1137 732 1161 787 Λ
1174 727 1253 779 nobis
1269 734 1311 780 est
1333 740 1400 794 epus
1414 733 1536 779 nostrum
1560 724 1639 793 quale
1656 726 1703 788 sit,
1713 775 1715 779 .
1725 740 1789 793 ottae
1804 724 1933 795 cogitatio
1944 729 1970 781 itt

332 844 391 887 tunt
401 846 481 901 pecus
494 827 583 883 offerri
597 831 781 879 consueverat.
806 820 881 876 Unde
893 828 921 874 et
936 818 1122 874 holocaustum

333 922 431 977 Latina
445 922 532 989 lingua
548 926 631 970 totum
646 915 784 968 incensum
801 912 908 965 dicitur.

1175 831 1266 887 opere,
1280 831 1340 884 quae
1361 816 1475 870 intentio
1496 816 1523 869 in
1546 816 1710 886 cogitatione
1725 834 1732 868 :
1750 825 1779 871 ει
1794 831 1860 871 cum
1883 829 1971 872 uestro

1174 910 1245 963 bono
1262 908 1336 977 operi
1362 908 1480 963 admixta
1504 907 1606 977 aliquid
1622 895 1733 963 malitia·
1757 909 1803 964 rel
1820 924 1913 980 prarae
1932 912 1970 966 dt·

370 1010 515 1065 Pensenms
538 992 612 1077 efge,
635 1006 699 1074 qnid
725 1013 767 1058 est
791 1001 967 1063 sacritieiunt,
989 999 1053 1068 qtud
1079 999 1124 1051 bo
1174 999 1300 1054 lectionis
1327 998 1509 1069 agnoscimus,
1529 1000 1675 1054 redeamus
1695 1000 1730 1054 ad
1751 1000 1914 1071 lacrymas,
1937 1002 1969 1057 le

334 1100 482 1153 loeanstetn
497 1116 502 1149 :
516 1112 576 1151 eum
597 1096 668 1150 enirn
683 1095 744 1164 quis
754 1108 833 1147 snum
859 1090 958 1159 aliquid
975 1090 1029 1143 Deo
1041 1088 1121 1151 rotit,

304 1208 312 1214 ·
336 1199 363 1244 et
382 1189 481 1258 aliquid
509 1202 562 1240 nott
586 1186 669 1249 vovit,
699 1182 860 1239 sacrificinm
882 1190 933 1235 est.
969 1179 1036 1246 Cum
1060 1193 1124 1231 vero

334 1293 416 1334 omne
438 1276 508 1345 quod
531 1275 622 1339 babet,
648 1288 728 1328 omne
752 1272 822 1340 qnod
845 1270 927 1332 rorit,
952 1283 1032 1323 omne
1053 1268 1124 1335 quod

334 1369 416 1440 sapit,
450 1364 628 1434 omnipotenti
655 1363 709 1432 beo
733 1361 848 1423 roserit,
864 1358 1051 1413 holocaustum
1072 1362 1122 1407 est.

334 1456 402 1512 liant
418 1463 483 1511 sttttt
500 1454 620 1524 quidam,
640 1453 686 1522 qui
701 1450 788 1505 adlttte
802 1457 892 1502 mente
917 1448 944 1500 in
958 1446 1008 1501 boe
1024 1442 1124 1497 mundo

336 1547 497 1610 retinentur,
523 1554 550 1599 et
574 1553 663 1598 tamen
689 1558 722 1597 ex
745 1538 875 1610 possessis
900 1539 980 1592 rebus
1004 1535 1123 1590 subsidia

335 1637 477 1709 egentibus
487 1637 650 1697 ministrant,
663 1647 806 1703 oppressos
819 1629 962 1686 delcndcre
974 1627 1101 1682 festinant
1117 1646 1122 1677 ι

337 1728 381 1782 isti
401 1727 525 1789 inbonis,
544 1723 717 1793 quaelaciunt
740 1719 901 1776 sacrificium
914 1717 1041 1780 oderunt,
1063 1717 1124 1785 qnia

337 1828 363 1891 et
380 1816 479 1886 aliquid
490 1816 523 1887 de
535 1830 583 1870 sua
605 1815 711 1868 actime
728 1813 783 1867 Deo
809 1811 957 1872 immulant,
982 1818 1009 1862 ει
1023 1807 1124 1877 aliquid

1175 1104 1269 1143 remus
1284 1088 1480 1143 holocaustum.
1494 1086 1563 1142 Sunt
1574 1099 1664 1144 autern
1680 1090 1794 1159 quidam
1809 1091 1859 1161 qui
1875 1102 1969 1169 senice

1176 1180 1249 1248 ipsos
1275 1181 1301 1234 in
1335 1179 1439 1248 magnis
1465 1179 1620 1235 actionibus
1643 1181 1763 1236 Domino
1788 1183 1968 1247 devorerunt,

1176 1281 1256 1338 atque
1270 1271 1303 1324 ad
1318 1277 1420 1323 tantam
1439 1270 1632 1339 perlectionem
1647 1274 1822 1340 perueniunt,
1838 1281 1870 1329 ut
1886 1275 1920 1329 ab
1935 1280 1971 1332 eis

1177 1360 1248 1413 mtlla
1278 1374 1396 1429 unquam
1424 1357 1581 1414 difficultate
1607 1359 1757 1416 flectantur
1773 1381 1780 1415 ι
1803 1365 1970 1432 quatinusiu

1175 1450 1370 1505 deliberatione
1398 1451 1543 1514 castitatis,
1562 1466 1734 1521 nequaquam
1752 1469 1821 1509 earo
1845 1455 1873 1509 in
1894 1472 1970 1525 prere

1176 1539 1347 1609 cogitationis
1367 1539 1544 1594 delectatione
1563 1541 1683 1595 animum
1707 1551 1831 1598 sternat.
1862 1544 1930 1600 Nam
1946 1557 1971 1601 et

1176 1629 1307 1698 signando
1320 1643 1370 1696 per
1382 1630 1581 1697 suggestionem
1596 1630 1694 1699 pulsat,
1713 1647 1834 1703 surgere
1848 1650 1903 1689 nou
1915 1650 1970 1706 per-

1176 1719 1303 1781 mittitur,
1312 1719 1375 1786 quia
1387 1718 1479 1787 vigore
1487 1719 1582 1788 judieii
1595 1719 1725 1774 calcatur.
1734 1720 1766 1775 lu
1778 1721 1969 1778 deliberatione

1176 1825 1284 1881 quoque
1296 1809 1434 1880 patientias
1444 1825 1493 1865 nec
1508 1825 1597 1865 sermo
1610 1811 1785 1868 inordinatus
1800 1814 1838 1867 ab
1852 1828 1901 1869 ore
1913 1830 1969 1883 pro

337 1908 512 1977 sibimetipsis
541 1913 688 1960 reservant.
716 1903 749 1958 Et
766 1910 827 1957 suut
849 1901 968 1971 quidam,
992 1898 1037 1969 qni
1060 1895 1124 1951 nibil
1177 1903 1249 1965 duat,
1258 1916 1308 1956 nec
1318 1899 1394 1956 dolor
1404 1902 1501 1956 tacitus
1511 1900 1630 1956 animum
1640 1910 1761 1971 premat,
1770 1904 1841 1959 utin
1852 1904 1970 1975 largitate

337 1997 511 2067 sibimetipsis
524 2004 643 2058 servant,
674 1994 722 2048 sed
735 2007 856 2056 sensum,
879 1989 1009 2060 linguam,
1030 1988 1124 2049 uitam,
1177 1989 1970 2062 elecmosyuaeuullaiuopiaesuspiciotristitiamgenerabat

337 2099 419 2158 atqtm
432 2085 610 2142 substantiam
636 2098 716 2153 quam
742 2087 931 2152 perceperunt,
948 2077 1125 2147 omnipotenti
1142 2097 1166 2155 Β
1179 2082 1207 2134 in
1219 2080 1412 2136 deliberatione
1423 2079 1584 2135 humilitatis
1593 2078 1683 2134 nullus
1696 2080 1968 2149 despectusanimttn

337 2179 394 2233 beo
407 2177 556 2230 immolant.
587 2174 656 2241 Quid
668 2171 711 2227 isti
731 2171 784 2226 nisi
798 2171 986 2225 holocaustum
999 2166 1126 2231 oderunt,
1179 2174 1312 2227 rnoroeat.
1323 2170 1376 2225 Sed
1386 2185 1447 2226 cum
1457 2172 1512 2241 jam
1521 2171 1548 2225 iu
1562 2171 1614 2235 bis,
1629 2185 1691 2240 qttae
1704 2180 1785 2225 reete
1795 2170 1967 2235 devorerunt,

338 2269 394 2322 imo
409 2266 493 2336 magis
507 2264 692 2319 holocaustum
706 2261 795 2316 liunt?
815 2259 977 2314 israeliticus
990 2257 1062 2311 enim
1080 2271 1128 2325 po-
1178 2279 1238 2320 sese
1254 2262 1360 2317 fortiter
1383 2260 1522 2326 exhibent,
1544 2260 1635 2329 priora
1659 2270 1754 2315 umen
1769 2271 1895 2328 peecata,
1916 2279 1968 2334 que

337 2358 418 2428 pules
435 2356 551 2425 primum
575 2352 739 2409 sacrificium
762 2354 788 2406 iu
806 2351 923 2422 AEgypto
948 2350 1054 2414 obtulit,
1086 2364 1128 2403 se·
1178 2357 1212 2411 ab
1224 2356 1290 2426 ipsis
1302 2363 1365 2408 ante
1379 2354 1477 2409 bonutn
1489 2352 1711 2408 deliberationem
1728 2361 1891 2422 perpetrata
1902 2365 1966 2415 suut,

339 2448 456 2504 eundum
470 2461 535 2500 tero
557 2445 583 2498 itt
598 2458 698 2498 etettttt·
729 2442 780 2509 Qui
796 2443 886 2510 itaque
907 2441 996 2494 adhuc
1010 2448 1128 2493 mentem
1178 2445 1383 2502 admemoriam
1398 2444 1534 2500 deducunt
1549 2452 1576 2497 et
1591 2443 1723 2513 plangunt
1737 2444 1875 2514 quidquid
1886 2446 1967 2501 illiciar

340 2538 422 2594 babet
438 2537 465 2590 in
477 2535 586 2600 saeculo,
600 2535 646 2589 scd
659 2533 721 2587 boui
733 2532 790 2601 jam
805 2531 906 2601 aliquid
917 2539 1055 2600 operatur,
1072 2530 1128 2583 beo
1178 2540 1266 2608 egisse
1275 2536 1464 2592 meminerunt.
1478 2536 1510 2589 lli
1521 2536 1611 2605 itaque
1621 2536 1765 2605 pervitam
1778 2552 1864 2605 quam
1876 2547 1966 2600 tenent,

340 2627 501 2684 sacrifitium
526 2625 624 2680 ⁰bl¹¹¹ll
647 2625 674 2677 5¹¹
698 2622 824 2694 AEgypto.
851 2621 900 2688 Qut
923 2637 986 2677 lem
1012 2635 1130 2691 i)laesens
1179 2630 1364 2687 holocaustum
1390 2635 1462 2691 sunt,
1490 2628 1538 2683 sed
1564 2643 1613 2697 per
1632 2627 1730 2693 vitam,
1752 2645 1839 2699 quam
1857 2639 1919 2686 aute
1935 2641 1967 2685 te-

340 2716 467 2773 eaecttlttttt
479 2713 591 2776 (leterii,
616 2720 644 2767 el
656 2712 791 2782 abllbfflll
805 2725 864 2779 quae
877 2709 958 2775 illel,
982 2708 1058 2778 quasi
1071 2706 1129 2776 1³¹⁰
1179 2730 1311 2783 nuerant,
1334 2718 1513 2787 inquinatum.
1530 2717 1634 2773 Larattt
1653 2733 1721 2787 ergo
1740 2720 1930 2776 holocaustum
1943 2724 1966 2777 iu

341 2804 459 2876 AEgypto
483 2803 631 2865 derelicta,
659 2801 822 2856 sacrificium
847 2800 949 2870 praebet
971 2800 1128 2854 incremo:
1179 2810 1250 2865 ougo
1271 2815 1431 2878 porcarum,
1458 2807 1520 2877 quta
1547 2806 1575 2860 tn
1609 2807 1750 2861 instructu
1777 2824 1863 2878 quem
1891 2811 1968 2879 perd.

340 2895 404 2965 quia
427 2893 532 2964 repulso
557 2893 670 2962 strepitu
701 2890 897 2947 desideriorum
922 2888 1069 2944 carnalium
1102 2888 1129 2941 in
1180 2894 1534 2969 ptunudedictisPatrum,
1552 2896 1721 2952 latuentisse
1738 2899 1967 2967 quotidianisalle

340 2986 440 3041 mentis
462 2999 517 3039 sttae
536 2985 626 3053 quiete
658 2993 739 3053 atque
767 2982 910 3037 solitudine
933 2982 988 3037 Deo
1010 2978 1132 3035 immolat
1181 2987 1266 3051 ciunt,
1280 2996 1307 3041 eu
1321 2985 1452 3040 mundant
1464 2986 1548 3040 vitam
1566 2985 1704 3056 lacrymis,
1719 3002 1804 3057 quam
1824 2989 1967 3058 prarisaii-

340 3076 471 3145 quidquid
484 3085 621 3145 opertttttt'·
653 3073 781 3140 Quamvis
793 3088 868 3143 0¹8⁰,
884 3072 954 3127 sicut
967 3071 1130 3133 dictumest,
1181 3077 1288 3146 putando
1299 3077 1404 3131 actibus
1419 3076 1635 3145 inquinaverunt.
1658 3076 1714 3132 Nos
1728 3078 1823 3147 itaque
1838 3081 1908 3134 iuter
1918 3082 1969 3134 bee

341 3166 503 3221 sucrificium
522 3166 556 3219 sit
571 3165 767 3229 holocaustum,
797 3163 884 3233 majus
901 3173 991 3217 tamen
1004 3170 1045 3215 est
1056 3160 1131 3215 bolo-
1181 3168 1310 3223 advitam
1325 3165 1489 3235 praeteritam
1505 3168 1604 3221 ruentis
1623 3167 1720 3221 ocutos
1743 3169 1914 3233 mutuamus,
1928 3184 1967 3223 η.

341 3264 465 3317 Uillium
479 3254 611 3309 Slssslflssffl
627 3273 633 3307 ²
651 3255 714 3322 (luia
728 3270 743 3307 ³
757 3263 857 3318 mente,
871 3267 931 3322 ‹tttae
944 3251 1023 3321 huius
1038 3250 1130 3304 ffllfldl
1181 3260 1365 3320 miniscamur
1382 3258 1428 3330 qui
1450 3257 1559 3321 teitaus,
1585 3273 1646 3312 euru
1660 3258 1756 3313 mundi
1778 3258 1860 3327 hujus
1877 3274 1969 3314 coaeu-

341 3346 485 3409 dilttllffllss
503 3358 555 3397 ⁰⁰¹¹
567 3342 710 3413 premitur,
729 3347 815 3394 totum
831 3340 858 3393 in
870 3336 1063 3408 ⁰¹¹¹¹¹llJ<>¹⁴³¹llis
1081 3335 1129 3390 ⁰⁰5
1182 3350 1325 3419 piscantias
1338 3363 1529 3418 sequerentur:
1548 3357 1575 3402 et
1590 3349 1612 3403 si
1623 3347 1740 3403 lietuino
1755 3350 1907 3405 totocorde
1918 3365 1969 3404 scr·

340 3432 653 3496 merificioittcenditur,
671 3430 743 3500 quod
753 3427 878 3483 babetur.
910 3427 965 3482 sed
987 3424 1269 3497 sciettdtttncpjmus
1284 3478 1291 3505 ‚
1320 3438 1385 3507 quia
1412 3451 1462 3492 nos
1497 3452 1624 3507 peccasse
1647 3440 1828 3496 meminimus
1842 3480 1850 3505 ‚
1874 3439 1967 3496 deflua.

339 3526 485 3594 uobis-est,
507 3523 570 3592 quia
582 3531 645 3577 sunt
658 3521 777 3591 quidam,
792 3521 837 3590 qtti
851 3520 932 3575 etiam
947 3517 1074 3573 saeculum
1088 3532 1131 3572 re-

339 3616 503 3687 linquentes.
529 3620 613 3667 totum
643 3612 763 3682 quidem,
785 3611 856 3680 quod
877 3611 987 3677 babent,
1004 3607 1131 3673 oderunt,

338 3693 492 3761 ebdtameu
505 3703 532 3757 in
545 3702 632 3765 bouis,
648 3717 708 3772 quae
718 3711 810 3771 agunt,
825 3702 935 3755 minime
948 3714 1133 3769 compungun-

338 3807 396 3861 tur,
418 3804 446 3851 et
461 3796 561 3850 bouum
592 3793 663 3863 quod
680 3800 764 3862 agunt
797 3791 984 3846 holocaustum
1006 3798 1048 3844 est
1062 3809 1069 3843 t
1084 3786 1133 3843 sed

338 3884 402 3954 quia
425 3883 490 3938 dere
516 3898 551 3938 uc
573 3883 732 3951 semetipsos
750 3879 873 3949 judicare
891 3880 1025 3943 nesciunt,
1049 3892 1132 3947 seque

339 3988 489 4029 examore
509 3972 543 4026 ad
560 3970 695 4041 lacrymas
717 3985 770 4024 uon
789 3967 951 4033 accendunt,
981 3966 1130 4038 perlectum

337 4080 432 4120 eorum
443 4063 629 4120 holocaustum
641 4078 695 4117 non
716 4072 768 4117 est.
789 4056 861 4116 llinc‘
871 4061 944 4117 enim
958 4075 1007 4130 per
1018 4057 1132 4117 Psalmi·

338 4162 411 4212 stam
428 4154 546 4210 dicitur:
568 4171 576 4204 t
600 4152 702 4208 llemor
724 4153 758 4208 sit
782 4153 911 4207 Dominus
930 4153 1057 4208 sacrificii
1080 4157 1130 4222 tui,

337 4251 368 4297 et
382 4235 570 4297 holocaustum
587 4249 660 4295 tuum
675 4241 773 4311 pingue
787 4240 833 4294 [lat
848 4238 933 4311 (Paul.
950 4241 1018 4313 ιιι).
1039 4262 1048 4294 r
1075 4243 1130 4298 llo·

339 4330 491 4385 loeaustum
506 4328 605 4399 quippe
625 4329 726 4383 siceum
751 4338 802 4393 est,
830 4328 930 4383 bonnm
949 4345 1028 4400 opus,
1059 4334 1130 4401 tpuod

339 4418 471 4474 orationis
481 4418 610 4487 lacrymae
620 4433 673 4471 non
689 4416 841 4472 infundunt.
866 4417 1056 4474 Holocaustum
1067 4435 1131 4475 vcro

341 4510 441 4581 pingue.
465 4515 518 4575 est,
543 4507 653 4581 quando
676 4508 738 4571 boc,
752 4508 825 4576 quod
842 4509 910 4563 bene
926 4509 1026 4579 agitur,
1050 4511 1131 4564 corde

341 4598 437 4654 humili
454 4600 535 4655 etiam
551 4597 751 4668 perlacrymas
769 4597 904 4666 irrigatur.
932 4598 1007 4653 Unde
1022 4615 1130 4654 rursum

338 4690 460 4746 dicitur:
482 4707 491 4740 t
519 4688 682 4744 lietocausta
696 4685 958 4743 medullataolleram
974 4688 1021 4744 tibi
1041 4687 1128 4759 (Prot.

336 4784 410 4854 ιιι).
437 4801 446 4832 r
473 4779 605 4849 Quisquis
623 4780 695 4834 enirn
718 4779 817 4835 bonum
841 4794 908 4849 opus
929 4779 993 4848 agit,
1027 4781 1074 4834 scd
1096 4768 1169 4835 cxl)

337 4872 528 4942 omnipotentis
543 4872 593 4926 Dei
607 4886 699 4927 amore
709 4880 789 4940 etque
802 4872 936 4926 desiderio
956 4870 1018 4925 llere
1034 4873 1128 4937 nescit,

338 4962 524 5019 holocaustum
541 4964 637 5028 babet,
665 4964 711 5018 sed
734 4962 877 5019 medullam
899 4964 925 5018 in
940 4963 1128 5019 holocaustum

337 5056 494 5110 nonhabet.
514 5056 565 5122 Qui
582 5056 731 5111 verobona
749 5062 888 5123 operatur,
906 5063 933 5109 et
952 5054 1051 5109 visioni
1066 5052 1125 5122 jam

335 5142 472 5198 Creatoris
493 5146 534 5198 sui
551 5145 648 5210 initiat,
683 5154 764 5215 atque
781 5145 814 5200 ad
831 5153 939 5199 aeternae
963 5144 1129 5215 contempla-

335 5232 418 5288 tionis
441 5234 536 5302 gaudia
563 5236 705 5303 peruenire
727 5234 846 5301 festinat,
876 5251 959 5306 seque
980 5236 1066 5307 ipsum
1093 5251 1127 5291 ex

336 5337 440 5388 amere,
466 5338 520 5393 qno
539 5325 708 5389 accenditur,
731 5326 759 5379 iu
779 5324 886 5381 fletibus
909 5335 1021 5392 mactat,
1047 5326 1125 5381 bolo·

335 5422 429 5471 causta
447 5414 562 5468 bommo
580 5414 723 5470 medullata
738 5415 821 5471 dedit.

370 5524 540 5581 studendum
554 5539 618 5594 ergo
633 5525 714 5580 nobis
733 5535 815 5582 estet
829 5527 899 5583 mala
914 5528 1034 5584 lunditus
1044 5529 1126 5584 relin-

1182 3544 1243 3583 tntts
1257 3529 1284 3583 in
1307 3528 1424 3592 lletibtts,
1444 3527 1566 3583 lavemus
1586 3528 1786 3584 holocaustum.
1804 3531 1876 3585 Eece
1890 3532 1968 3586 omui-

1181 3621 1285 3692 potenti
1300 3621 1356 3675 Deo
1377 3620 1534 3675 devovimus
1556 3621 1710 3676 castitatem
1735 3632 1874 3687 uestram,
1885 3622 1967 3679 sedai

1182 3712 1271 3768 adbuc
1285 3712 1424 3767 immunda
1444 3710 1572 3783 cogitatio
1595 3720 1713 3767 mentem
1730 3713 1869 3783 inquinat,
1885 3716 1967 3769 redea-

1182 3805 1288 3861 musad
1305 3804 1450 3875 lacrymas,
1473 3805 1594 3859 lavemus
1609 3804 1812 3860 holocaustum.
1834 3806 1903 3862 Ecce
1923 3820 1966 3875 pt-

1183 3897 1304 3951 tientiam
1319 3912 1370 3952 nos
1383 3910 1493 3951 serrare
1503 3896 1682 3962 decrevimus,
1708 3896 1734 3951 si
1757 3896 1850 3951 adbuc
1863 3898 1901 3951 ira
1914 3911 1967 3966 per·

1183 3988 1284 4053 turbat,
1300 3990 1321 4044 si
1336 3997 1454 4044 mentem
1468 3988 1566 4043 tacitus
1576 3988 1652 4042 dolor
1661 3989 1817 4055 excruciat,
1836 3990 1966 4045 redeamus

1182 4082 1215 4135 ad
1239 4079 1373 4151 lacrymas
1386 4093 1394 4133 t
1410 4079 1531 4134 lavemus
1544 4076 1744 4133 holocaustum.
1769 4077 1844 4133 Ecce
1856 4077 1912 4147 jam
1924 4093 1966 4131 ro-

1181 4173 1270 4226 vimus
1288 4185 1412 4242 possessa
1427 4170 1562 4232 tribuere,
1573 4176 1655 4235 atque
1664 4168 1691 4222 in
1705 4168 1759 4223 boc
1772 4169 1877 4223 mundo
1888 4166 1966 4223 bumi-

1181 4267 1234 4320 lem
1250 4265 1339 4320 locum
1354 4273 1458 4324 tencre,
1469 4262 1503 4316 de
1517 4275 1569 4330 qna
1579 4261 1803 4333 adbucanimum
1820 4260 1914 4329 inopia
1926 4274 1965 4312 stt-

1181 4356 1265 4425 spicio
1275 4354 1412 4424 deprimit,
1421 4352 1443 4407 si
1454 4352 1597 4421 despectus
1608 4350 1727 4421 proximi
1739 4351 1766 4405 in
1776 4350 1868 4420 aliqua
1879 4365 1924 4403 nos
1934 4349 1970 4402 in·

1181 4444 1335 4515 dignatione
1343 4440 1494 4507 contundit,
1502 4440 1684 4495 redeamusad
1695 4439 1845 4510 lacrymas,
1855 4439 1966 4491 iuremus

1182 4535 1379 4589 boleeaustum.
1397 4531 1558 4602 llagnusest
1578 4530 1679 4584 etenim
1698 4530 1821 4584 creatori
1833 4539 1923 4583 nostro
1935 4526 1965 4579 ad

1182 4625 1352 4695 recipiendos
1377 4622 1456 4678 lictus
1483 4620 1625 4677 homilium
1654 4621 1854 4677 misericordiae
1887 4623 1965 4676 sium.

1183 4714 1234 4770 Ubi
1248 4714 1320 4768 enim
1348 4711 1584 4767 innumerabilium
1596 4710 1739 4765 bominum
1759 4710 1841 4766 lletns
1857 4709 1965 4779 suscepti

1182 4815 1255 4869 sunt,
1282 4804 1319 4858 ibi
1341 4803 1429 4858 locum
1448 4815 1527 4856 suum
1549 4801 1700 4855 inventare
1719 4808 1784 4854 suut
1800 4812 1829 4856 et
1850 4800 1965 4870 lacrgue

1179 4907 1287 4952 trostrae.

1217 5010 1226 5040 t
1243 4989 1275 5044 Et
1290 4989 1316 5043 in
1331 4989 1464 5045 uestibulo
1486 4998 1570 5060 porta
1586 4988 1646 5043 dure
1669 5004 1773 5045 meusae
1794 4989 1862 5045 hine
1875 4998 1901 5045 et
1912 4988 1963 5042 dua

1183 5100 1193 5133 t
1212 5095 1312 5135 attense
1328 5080 1398 5143 inde,
1413 5088 1442 5134 ut
1461 5079 1614 5134 inuuolctttr
1628 5093 1710 5149 super
1721 5095 1770 5134 eas
1787 5081 1961 5135 boloeemtun

1183 5188 1192 5219 t
1211 5176 1238 5222 et
1249 5182 1299 5237 pro
1316 5177 1429 5237 peceato
1441 5176 1470 5222 ct
1487 5183 1536 5239 pro
1550 5167 1659 5223 delicto.
1671 5166 1706 5221 Et
1720 5169 1755 5224 ad
1770 5170 1846 5226 latus
1856 5168 1960 5225 exterius

1183 5259 1280 5327 «quod
1302 5258 1424 5313 aseendit
1447 5259 1481 5313 ad
1497 5258 1597 5313 ostium
1621 5266 1718 5326 porta,
1736 5274 1800 5328 quae
1827 5260 1912 5331 pergit
1932 5257 1959 5309 ad

1181 5362 1191 5396 t
1209 5345 1371 5416 aquilonem,
1388 5345 1448 5399 dum
1471 5360 1586 5411 mensm;
1599 5353 1626 5399 et
1639 5345 1672 5399 ad
1683 5344 1758 5400 latus
1780 5345 1959 5401 alteramenta

1179 5442 1367 5496 «uestibulum
1391 5448 1485 5511 portae,
1499 5440 1559 5494 dum
1585 5453 1695 5493 mensae.
1723 5439 1850 5507 Quatnor
1874 5451 1958 5494 ntum

1178 5550 1188 5585 t
1202 5533 1265 5586 binc
1274 5541 1302 5586 et
1312 5539 1430 5600 quatuor
1443 5545 1544 5586 mensae
1554 5529 1615 5585 inde
1630 5545 1680 5600 per
1695 5530 1783 5586 latera
1795 5540 1890 5603 porte„
1903 5529 1957 5585 dett

333 5633 428 5688 qtrerc,
441 5618 552 5674 etbona
568 5632 629 5687 quae
651 5617 799 5675 subicimus
812 5622 941 5690 operari:
957 5630 1039 5690 atque
1053 5629 1083 5675 ut
1098 5622 1124 5677 in
1179 5643 1189 5676 t
1211 5637 1311 5678 titensa
1323 5632 1402 5678 erant
1417 5637 1498 5693 super
1511 5636 1580 5692 quas
1592 5620 1782 5678 immolabant.
1803 5643 1814 5677 s
1830 5618 1954 5695 (Gregibt

330 5708 398 5776 ipsis
408 5708 486 5763 bonis
498 5717 561 5777 qna
571 5707 687 5778 agimus,
703 5723 796 5765 amore
809 5710 903 5766 aeterni
926 5709 1036 5766 luminis
1050 5727 1124 5767 com-
1174 5713 1273 5783 ortibus
1288 5710 1415 5768 videlicet
1428 5712 1518 5767 uerbis
1540 5727 1639 5782 magna
1661 5712 1753 5784 caligo
1764 5713 1906 5769 dubteutts
1916 5708 1955 5764 ob

331 5814 504 5869 pungamur:
521 5798 578 5867 ipsc
589 5798 661 5852 enim
677 5799 767 5853 cordis
783 5801 910 5855 tenebras
924 5800 1036 5855 discutit
1048 5816 1124 5855 antor
1175 5807 1272 5869 oritur,
1288 5813 1378 5859 utrum
1399 5805 1457 5861 haec
1479 5804 1514 5861 de
1535 5821 1587 5860 urta
1610 5816 1688 5873 porta
1708 5806 1852 5876 qualibet,
1878 5822 1908 5860 an
1926 5804 1953 5855 de

332 5889 410 5951 ieris,
429 5895 458 5943 ut
480 5887 607 5943 subtilius
624 5888 716 5942 videre
728 5888 876 5954 ualeamus,
893 5905 926 5945 ne
940 5906 993 5959 qua
1010 5890 1035 5943 in
1047 5891 1124 5947 bonis
1175 5893 1292 5956 duabus,
1319 5909 1353 5947 au
1377 5893 1410 5948 de
1425 5893 1538 5964 singulis
1557 5895 1643 5963 portis
1666 5895 1815 5951 dicantur:
1840 5896 1884 5952 scd
1902 5895 1953 5948 dunt

328 5991 390 6045 que
398 5975 501 6046 agintus
510 5991 592 6045 praua
604 5976 776 6032 misceantur.
784 5978 1015 6034 Considerandum
1027 5981 1124 6052 quippe
1177 5994 1314 6055 qttatermc
1326 5999 1424 6039 ruens-e
1438 5984 1579 6057 perlatura
1592 5984 1796 6053 deseribuntur,
1809 6002 1839 6040 ae
1850 5993 1948 6057 pretttta
