4500 6842
372 705 443 762 toas
694 703 724 755 B.
744 698 870 755 nlnnlt'l
889 697 999 754 llAUlll
1017 696 1178 754 anonim.
1196 695 1351 754 nocnnn.
1370 693 1513 753 cenam!
1532 695 1622 753 PARS
1637 697 1668 753 ll.
1939 701 2009 763 ¹050

369 829 495 894 percepta
518 820 650 889 sapientia
671 831 765 872 omnes
788 830 906 886 quoqne,
923 816 950 870 in
976 823 1107 885 quantum
1120 817 1201 876 cstA
1216 831 1225 865 ι
1243 811 1310 867 ieret
1324 811 1469 881 primitiva,
1481 813 1545 881 quia
1557 826 1634 882 aquae
1644 812 1703 884 ejus
1715 813 1749 870 de
1765 818 2007 889 sanctuarioegre

368 914 508 988 possibile,
518 911 724 971 delectationem
739 908 830 963 carnis
840 906 1007 961 exstinxerit.
1022 904 1079 959 Nisi
1089 904 1162 958 enim
1216 919 1227 956 ι
1244 902 1361 956 dicotur.
1383 901 1418 955 Et
1430 910 1509 956 erunt
1532 893 1638 957 fruetus
1659 900 1717 970 ejus
1736 903 1764 958 in
1781 904 1886 973 eibum,
1901 917 1932 962 et
1945 907 2006 965 lolia

370 1006 461 1061 earnis
475 1001 617 1056 delectatio
628 1008 700 1054 esset
713 999 740 1054 in
757 999 877 1063 renibus,
891 996 1036 1052 Psalmista
1051 996 1163 1051 minime
1216 1008 1226 1042 ι
1242 989 1300 1069 eins
1311 988 1345 1043 ad
1362 989 1553 1044 medicinam.»
1567 988 1665 1045 'lotum
1677 992 1839 1062 capitulum,
1852 1010 2005 1067 quanqum

370 1097 491 1160 dixisset,
502 1112 511 1145 ι
525 1092 580 1149 Ure
591 1106 669 1147 renes
679 1106 764 1155 meos,
773 1099 800 1145 et
810 1106 857 1145 eor
868 1104 956 1144 meum
966 1087 1051 1161 (Paci.
1064 1086 1137 1158 aar).
1149 1104 1159 1139 ι
1213 1080 1346 1150 prolixum
1361 1080 1396 1134 sit
1409 1080 1498 1144 simul,
1512 1081 1707 1150 poneremini,
1719 1098 1880 1139 neaensum
1894 1085 2006 1157 legentis

370 1187 447 1255 Aqua
461 1185 542 1254 igitur
554 1182 588 1237 ad
605 1196 684 1236 renes
709 1181 794 1245 verrit,
809 1194 871 1233 eum
895 1176 1009 1233 dulcedo
1023 1175 1163 1247 sapientiae
1213 1170 1440 1241 interrumperem
1451 1179 1479 1225 et
1492 1172 1614 1227 lectionis
1623 1173 1690 1229 ordo
1700 1174 1804 1230 divisus
1817 1177 1845 1230 in
1857 1187 1950 1247 partes
1959 1195 2005 1233 au·

370 1278 452 1332 etiam
476 1274 611 1330 incentiva
637 1272 728 1328 carnis
745 1271 885 1334 interimit,
909 1276 940 1323 ut
964 1282 1069 1337 eaquae
1083 1280 1163 1321 urere
1212 1259 1319 1346 clientis¹
1339 1259 1542 1331 intelligentiam
1569 1264 1753 1317 conturbaret.
1785 1263 1920 1322 Dicamus
1942 1283 2005 1336 ergo

370 1374 489 1421 mentem
515 1369 641 1434 poterant
659 1360 843 1417 delectationis
868 1359 991 1414 incendia
1005 1358 1161 1427 frigescant.
1213 1349 1277 1421 quid
1300 1351 1378 1406 nohis
1395 1351 1519 1406 rideatur
1542 1352 1570 1405 in
1598 1353 1720 1423 singulis.
1747 1356 1795 1411 Vir
1810 1356 1866 1423 ille,
1889 1359 1936 1427 qui
1950 1368 2005 1414 erat

371 1459 422 1525 Qui
450 1457 537 1511 adhue
556 1470 665 1511 mennas
694 1462 735 1508 est
759 1452 833 1509 mille
852 1460 1011 1516 torrentem,
1039 1450 1164 1506 videlicet
1213 1442 1637 1507 (lucionEzechieli⁸2⁰0mffl⁰¹¹⁰¹
1657 1446 1830 1515 proplietam,
1851 1457 1883 1502 ιιι
1896 1447 2011 1520 diligen.

371 1563 449 1618 quem
465 1547 596 1616 propinem
611 1544 777 1615 pertransire
789 1560 840 1598 non
854 1544 949 1613 potuit,
965 1542 1003 1597 [te
1016 1557 1070 1611 quo
1080 1542 1162 1596 etiam
1212 1535 1266 1589 tius
1290 1535 1426 1591 intueatur
1440 1545 1467 1592 ct
1481 1538 1579 1601 videat,
1594 1547 1622 1593 et
1641 1540 1746 1596 occulta
1769 1542 1903 1613 mysteria
1923 1542 2005 1597 oeulis

371 1639 436 1696 digit
449 1656 480 1692 ς(
502 1638 636 1705 Quoniam
659 1637 844 1691 intumuerunt
861 1649 938 1704 {quae
959 1632 1084 1704 profundi
1107 1641 1163 1688 101⁸.
1212 1625 1311 1680 meniis
1325 1628 1456 1681 attendat.
1476 1628 1561 1682 Vticai
1577 1639 1667 1684 autem
1681 1629 1764 1712 fllilllll
1780 1633 1904 1688 hominis
1923 1634 1964 1687 Vel
1979 1650 2004 1687 ln

369 1730 464 1794 rantis,
478 1731 522 1799 qtri
537 1745 588 1783 non
601 1735 690 1799 potest
709 1723 909 1782 transvadari.»
936 1724 1066 1793 Perecpta
1082 1738 1161 1777 nam·
1212 1718 1297 1787 llgttm
1311 1716 1416 1772 Domini
1431 1717 1587 1775 San-noris.
1601 1720 1706 1775 Etenim
1727 1721 1858 1776 Ezechiel
1878 1722 2007 1793 interpre-

370 1837 424 1895 ‹pue
437 1821 602 1892 perfectione
614 1820 716 1890 operis,
731 1818 764 1872 ad
779 1816 1032 1886 mntemplationem
1044 1813 1161 1876 renitor,
1213 1814 1286 1862 tatur
1302 1806 1431 1863 lortitudo
1443 1810 1486 1864 vel
1505 1811 1646 1879 imperium
1661 1810 1708 1866 Dei
1720 1825 1729 1864 ι
1743 1811 1785 1865 rel
1799 1820 1877 1867 certe
1891 1813 1926 1866 ad
1937 1827 2007 1867 conr·

371 1911 399 1967 in
420 1927 472 1982 qua
488 1909 592 1966 scilicet
612 1907 838 1976 contemplatione
862 1906 924 1959 dum
937 1919 1014 1960 meus
1029 1904 1057 1957 in
1077 1903 1162 1956 altum
1211 1896 1388 1953 monitionem
1400 1898 1554 1971 fragilitatis
1566 1901 1745 1967 humanans
1756 1902 1938 1958 obliviscamr
1948 1919 2008 1958 oon-

371 2002 480 2057 dneitnr
493 2001 631 2056 sublevata
643 2000 716 2054 ridet
735 1999 762 2052 in
778 1998 844 2060 Deo,
860 1996 924 2066 quia
944 2009 997 2050 non
1013 2001 1104 2064 potest
1116 2008 1163 2063 pe·
1212 1990 1324 2047 ditionis
1337 2006 1403 2058 suar,
1419 1994 1481 2048 dum
1504 1992 1530 2048 ei
1553 2008 1650 2063 magna
1673 2001 1874 2050 monstrantur.
1891 1995 1927 2049 Et
1939 2011 2007 2051 core·

371 2101 481 2147 netrare
502 2091 574 2161 quod
593 2090 676 2154 vilet,
691 2098 718 2143 et
739 2089 815 2158 qnasi
831 2088 915 2157 tangit
941 2086 974 2141 ad
989 2099 1088 2154 arguam
1103 2091 1161 2139 tor-
1212 2080 1344 2136 monitum
1359 2081 1433 2137 ducit
1455 2090 1536 2151 atque
1559 2082 1691 2138 convertit
1705 2084 1740 2137 ad
1762 2085 1854 2154 ripam
1871 2087 2006 2152 torrentis,

369 2180 457 2236 nentis
484 2195 564 2250 quam
575 2178 741 2249 pertransire
763 2193 816 2232 non
830 2176 912 2241 salet,
927 2175 989 2246 quia
1001 2184 1029 2230 et
1042 2175 1163 2229 intuetur
1178 2173 1200 2233 li
1213 2181 1244 2228 nt
1255 2174 1383 2243 quoniam
1399 2174 1515 2229 mediam
1527 2174 1738 2244 prolanditatem
1758 2175 1882 2230 transire
1899 2193 1953 2231 uon
1964 2192 2008 2247 po

358 2269 546 2339 ,maculanda
565 2269 637 2340 ιμιοιι
660 2268 752 2331 lineat,
767 2276 793 2321 ct
808 2275 899 2321 tamen
921 2264 973 2321 hoe
987 2265 1074 2335 ipsum
1098 2280 1162 2336 per·
1212 2269 1293 2330 terat,
1304 2264 1400 2320 saltam
1411 2279 1443 2319 ea
1454 2279 1515 2334 qum
1527 2264 1553 2319 in
1571 2265 1638 2335 ripis
1649 2272 1711 2321 sunt
1724 2277 1918 2337 recognoscat.
1933 2266 2007 2324 Cura·

369 2359 440 2415 lecte
455 2376 508 2415 nou
522 2360 593 2413 valet
606 2359 716 2423 intueri,
735 2359 805 2428 quod
819 2357 894 2413 libet.
909 2356 1042 2427 Propheta
1054 2372 1118 2428 ergo
1129 2356 1163 2411 ad
1213 2369 1276 2424 que,
1290 2354 1338 2419 ait,
1353 2369 1396 2409 me
1410 2355 1616 2419 corrrertissem,
1628 2356 1686 2410 sive
1696 2355 1741 2410 ille
1755 2370 1802 2411 me
1821 2358 2006 2421 contremisci,

371 2464 468 2518 aquam
483 2451 644 2519 quandoque
664 2449 797 2519 pervenit,
823 2462 904 2517 quarn
919 2463 971 2502 non
994 2447 1160 2516 pertransit:
1213 2443 1259 2515 quui
1272 2445 1369 2499 ductor
1389 2453 1448 2498 erat
1471 2452 1499 2499 et
1518 2444 1644 2510 monitor,
1667 2460 1732 2501 eece
1752 2446 1781 2500 in
1802 2447 1864 2516 ripa
1886 2450 2008 2503 torrentis

372 2542 434 2611 quia
451 2541 484 2597 ad
510 2539 763 2607 contemplationem
790 2538 929 2609 sapientia
944 2552 1004 2592 cum
1028 2538 1061 2592 ad
1075 2548 1165 2606 extre-
1213 2536 1270 2591 sire
1283 2524 1354 2589 ilarii
1371 2534 1442 2606 ligna
1457 2535 1539 2589 multa
1553 2536 1597 2591 rel
1615 2536 1727 2591 arbores
1741 2535 1869 2605 plurimae
1885 2538 1966 2594 ninris
1977 2554 2006 2594 rx

370 2649 445 2689 mum
459 2633 577 2697 ducitur,
598 2632 655 2701 ipsa
670 2630 728 2699 ejus
751 2630 929 2696 immensitas,
945 2645 1005 2699 qtrm
1017 2643 1049 2683 cx
1073 2645 1102 2685 se
1115 2630 1164 2683 lro-
1214 2634 1330 2695 nltntlue
1340 2634 1426 2695 pnite·
1440 2625 1559 2680 Totiens
1571 2626 1633 2690 isle,
1646 2628 1692 2695 qni
1714 2642 1763 2697 itm
1781 2642 1918 2697 innatum
1929 2630 2006 2685 abnn-

370 2724 470 2779 minem
482 2723 606 2784 subierat
621 2723 655 2775 ιιι
670 2738 699 2775 se
711 2721 831 2775 lrrrnrano
846 2720 936 2776 animo
955 2720 1062 2788 plenam
1075 2720 1165 2789 cogni·
1215 2714 1307 2770 dantia
1332 2714 1418 2768 lertur
1443 2730 1517 2768 more
1544 2716 1671 2770 torrentis
1692 2724 1722 2770 et
1744 2718 1862 2787 suscipit
1891 2719 1925 2773 de
1943 2718 2006 2773 coelo

369 2814 470 2868 tionem
497 2820 588 2875 necat,
603 2818 633 2865 ut
655 2810 726 2865 lrane
746 2817 773 2863 et
788 2809 922 2881 tangernlo
937 2818 1019 2872 amet,
1032 2816 1060 2863 ct
1074 2818 1165 2864 minen
1215 2807 1328 2876 pluvias,
1349 2809 1382 2863 de
1394 2823 1448 2878 quo
1469 2810 1496 2863 in
1519 2810 1655 2878 praeterita
1669 2811 1790 2867 diximus
1808 2813 1937 2877 lectione,
1956 2814 2006 2884 ipse

369 2918 540 2972 nequaquam
563 2902 780 2972 pertranseundo
804 2908 938 2972 penetret.
962 2900 1061 2955 Beatus
1085 2900 1166 2971 igitur
1215 2896 1421 2969 aSeptnaginta
1450 2900 1601 2968 appellatur
1624 2899 1732 2964 ilarius,
1759 2915 1796 2955 eo
1822 2904 1895 2970 quand
1919 2916 2005 2973 perpe·

270 3035 273 3040 .
370 2990 421 3046 iob
442 2992 500 3046 hmo
514 2992 680 3046 incrementa
695 2991 838 3054 uirtutum,
854 2991 918 3060 quia
936 2991 1063 3046 distincte
1080 2991 1167 3045 lromi·
1216 2997 1276 3043 tuas
1289 3004 1374 3056 ancras
1387 2988 1495 3052 lrabeat,
1509 3005 1559 3044 nec
1572 2990 1605 3044 de
1615 2989 1713 3060 pluuiis
1725 2989 1792 3047 irinc
1804 2992 1866 3047 inde
1875 2993 2006 3057 rollenus

369 3083 449 3137 nibus
464 3097 579 3151 snpcmo
606 3098 718 3138 munnere
743 3083 826 3138 tribui
839 3083 992 3151 conspexit,
1007 3084 1105 3151 gradus
1118 3098 1166 3136 no·
1216 3077 1263 3133 sed
1279 3079 1341 3132 viro
1359 3085 1387 3132 et
1401 3086 1530 3147 perpetuo
1545 3078 1619 3134 soille
1633 3087 1788 3135 manantes.
1811 3081 1917 3151 Denuo
1931 3080 2007 3137 flurlo

371 3172 462 3227 cauit:
480 3175 607 3242 qnoniam
635 3190 685 3243 per
698 3175 770 3242 ipsos
784 3174 939 3229 ascenditur
954 3182 982 3226 ut
997 3173 1031 3227 ad
1046 3173 1166 3227 coelestia
1217 3171 1301 3225 multa
1318 3172 1346 3226 in
1358 3170 1508 3244 Scriptnris
1524 3172 1764 3244 sanctislegimus,
1788 3176 1838 3231 sed
1863 3177 2001 3245 inpraesen

369 3262 515 3317 olatinenda
537 3264 670 3317 veniatur.
689 3262 765 3316 Sacri
782 3263 873 3331 itaque
889 3261 961 3325 libri,
977 3261 1004 3314 id
1018 3268 1070 3326 est,
1082 3261 1167 3316 divini
1218 3262 1315 3316 tiarurn
1330 3276 1416 3332 panca
1436 3263 1548 3318 dicenda
1559 3272 1632 3329 snm,
1648 3279 1680 3320 ae
1692 3265 1814 3338 primurn
1829 3266 1894 3322 illud
1905 3284 1913 3319 :
1925 3285 1935 3318 ι
1948 3265 2003 3321 ιιι-

372 3350 473 3421 eloquii
488 3351 644 3405 rnenroriam
660 3350 771 3414 iaciens,
786 3350 869 3404 dicit:
887 3369 896 3400 ι
912 3349 963 3403 Per
976 3350 1094 3419 singn'os
1107 3365 1171 3419 gra·
1218 3352 1299 3407 minis
1321 3354 1438 3423 impetus
1458 3353 1574 3409 laetiileat
1590 3355 1726 3410 civitatem
1741 3356 1792 3411 Dei
1810 3354 1898 3430 (Pani.
1913 3357 2003 3429 rari.»

370 3441 423 3497 dus
438 3426 703 3511 mcos⁰pronuntialro
727 3439 800 3495 illum
818 3438 889 3511 (iol.
911 3437 1019 3508 narn.»
1046 3439 1113 3505 Quia
1128 3440 1168 3494 ni·
1218 3442 1251 3497 Et
1267 3442 1293 3496 in
1309 3441 1361 3498 alio
1378 3443 1455 3498 loco:
1472 3462 1481 3495 ι
1496 3444 1609 3500 Flumen
1632 3444 1679 3500 Dei
1701 3445 1837 3515 repletum
1858 3457 1901 3502 est
1923 3448 2004 3517 aquis,

372 3533 470 3587 mirum
486 3531 530 3586 illc
541 3533 574 3586 ad
588 3530 739 3585 doctrinam
763 3529 810 3585 Dei
825 3530 958 3584 veraciter
972 3530 1106 3596 ascendit,
1120 3530 1167 3600 qni
1181 3528 1203 3591 C
1218 3534 1375 3602 praeparasti
1398 3533 1488 3589 elisum
1503 3547 1608 3599 eorum,
1633 3536 1695 3604 quia
1720 3535 1762 3590 sic
1784 3545 1828 3591 est
1850 3536 2004 3606 preparatio

362 3625 403 3680 'ad
414 3624 587 3679 obtinendam
602 3624 673 3677 harre
685 3622 813 3692 gradibus
825 3621 1168 3691 sarretaeoperationisern·
1218 3630 1262 3678 tua
1287 3622 1374 3695 (Paul.
1395 3625 1499 3693 antri.»
1518 3624 1688 3693 linrsumque
1710 3624 1875 3695 pluraliter:
1892 3643 1902 3677 ι
1920 3625 2002 3681 Elem·

368 3715 450 3785 perit,
466 3723 493 3769 ct
503 3714 579 3783 quasi
594 3712 778 3784 perssingulos
792 3713 892 3784 gradus
905 3728 968 3768 suos
983 3713 1081 3767 liltrum
1103 3726 1168 3781 pro-
1217 3723 1315 3770 renunt
1327 3714 1449 3779 litamina,
1468 3714 1596 3781 Domine,
1609 3714 1786 3772 elevaverunt
1807 3715 1919 3772 flumina
1933 3731 2004 3772 roera

368 3807 486 3870 nuntiat,
505 3807 550 3875 qui
577 3807 731 3875 percepisse
756 3820 785 3860 se
809 3804 868 3873 ejus
884 3804 1029 3859 scientiam
1043 3819 1097 3860 non
1117 3819 1167 3873 per
1217 3818 1281 3858 suas
1300 3804 1444 3859 atrocibus
1466 3820 1597 3875 aquarnm
1621 3805 1782 3871 multarum,
1801 3806 1942 3863 mirabiles
1956 3807 1994 3861 eia

370 3898 453 3951 rerba
469 3896 664 3959 tantummodo,
681 3894 820 3949 sedetiam
835 3909 884 3963 per
897 3895 1165 3963 operadcmonstrat.
1217 3896 1305 3951 tiones
1321 3895 1404 3951 maris
1431 3896 1522 3967 (Ριιιι.
1544 3896 1645 3967 acuti.»
1669 3897 1703 3952 Et
1722 3898 1748 3952 in
1770 3899 1859 3952 isaia:
1875 3918 1885 3950 ι
1902 3897 2003 3954 radan

369 3987 506 4059 (Dieron.)
520 3986 598 4053 Quod
612 3987 718 4041 cubitos
730 4001 828 4057 genere
841 3985 990 4041 masculino
999 3992 1026 4040 et
1037 4000 1089 4039 non
1105 4001 1167 4041 neu·
1216 3988 1243 4043 in
1263 3988 1371 4043 deserto
1386 3989 1468 4051 riam,
1487 3999 1514 4044 et
1536 3990 1562 4044 in
1586 3990 1659 4044 invio
1680 3988 1794 4044 litamina
1812 3990 1883 4061 (lan.
1899 3989 2000 4061 narnis

369 4080 430 4136 trali
446 4080 536 4134 curbita
549 4080 674 4145 dicimus,
687 4079 766 4150 juxta
783 4080 900 4150 regulam
911 4078 1165 4135 Grammaticorum
1216 4079 1250 4133 Et
1264 4080 1291 4133 in
1304 4080 1357 4136 alio
1371 4079 1491 4151 ejrrsdem
1512 4080 1572 4136 loco
1593 4079 1782 4136 manifestius:
1798 4098 1809 4132 ι
1825 4080 2003 4151 apparebitis

369 4171 1165 4242 etinsuperioribusdncui,nonnnsignorantinnoclacere,
1217 4172 1282 4226 Sion
1295 4170 1391 4227 ilarius
1419 4172 1566 4227 decurrens
1595 4172 1726 4243 gloriosos
1751 4172 1780 4226 in
1809 4183 1884 4227 terra
1910 4172 2003 4229 nume

306 4262 314 4278 '
369 4262 1165 4333 serleonsuetudineproptersimplicesquosquectindoctos,
1216 4263 1431 4335 (hammitis
1456 4262 1543 4335 Super
1568 4264 1641 4319 hasne
1663 4262 1777 4318 linaium
1797 4273 1880 4320 erant
1899 4266 2004 4320 arbores

368 4366 483 4421 qtromm
494 4351 522 4406 in
535 4351 742 4420 congregatione
752 4352 877 4408 Ecclesiae
885 4354 1017 4422 majorest
1029 4368 1165 4409 numerus.
1215 4355 1340 4424 plurimae
1352 4363 1387 4412 ex
1398 4366 1513 4426 utraque
1528 4365 1605 4426 parte
1619 4358 1695 4426 ripe,
1708 4366 1738 4410 ut
1756 4357 1831 4413 inter
1842 4358 1898 4413 dno
1908 4357 2004 4413 seilicet

409 4461 418 4493 ι
434 4441 467 4495 Et
481 4440 549 4495 dixit
571 4441 605 4495 ad
620 4455 682 4494 mc:
699 4440 779 4496 Certe
803 4443 915 4509 riciisti,
932 4442 969 4497 ιιι
984 4442 1112 4498 nominis.
1132 4443 1166 4497 Et
1216 4447 2001 4513 instrumenta,retusctnonnm,elausnscurreretssuriaa

374 4549 383 4582 ι
404 4531 496 4586 eduxit
514 4547 556 4585 me
571 4539 597 4583 ct
613 4532 749 4585 eorrt'crtit
766 4532 799 4584 aul
823 4533 909 4601 ripam
931 4533 1068 4587 torrentis.
1085 4532 1166 4588 Cum·
1215 4538 1300 4610 Ligna
1317 4548 1407 4595 autern
1422 4539 1504 4594 mnnita
1521 4538 1561 4593 vel
1580 4539 1692 4594 arbores
1714 4537 1849 4607 plurimas
1869 4548 1898 4594 et
1912 4538 2003 4594 mults

372 4635 506 4690 aquense
522 4619 726 4686 eonrertissem,
742 4635 805 4675 ecce
820 4620 847 4674 in
874 4621 931 4690 ripa
946 4623 1073 4678 torrentis
1095 4624 1166 4695 ligna
1216 4628 1308 4693 nimis,
1329 4628 1388 4682 illas
1414 4629 1541 4694 arbitror,
1566 4643 1635 4698 quas
1661 4629 1688 4683 in
1712 4629 1844 4695 paradise
1870 4629 2001 4699 Scriptura

373 4729 382 4761 ι
401 4701 484 4766 multa
496 4711 577 4766 rrinris
591 4726 623 4764 ea
635 4719 748 4780 utraque
761 4719 846 4780 parte.
863 4712 897 4764 Et
908 4712 945 4765 ait
960 4712 992 4765 ad
1004 4726 1047 4767 me
1062 4732 1068 4766 :
1082 4714 1166 4784 Aquae
1216 4727 1411 4773 commemorat
1422 4719 1507 4789 pomis
1519 4720 1600 4774 variis
1612 4718 1759 4774 abundare.
1773 4718 1923 4791 (narnus)
1934 4718 2001 4775 Stri-

373 4817 384 4853 t
402 4801 471 4866 ista,
484 4817 544 4872 qnae
564 4801 740 4871 egrediuntur
762 4801 795 4856 ad
819 4801 936 4857 tunnulos
950 4803 1034 4857 sabuli
1055 4805 1166 4881 orientis
1217 4816 1292 4877 ptum
1307 4816 1349 4862 est
1363 4808 1435 4878 enim
1455 4817 1483 4863 et
1507 4809 1534 4863 in
1550 4809 1652 4880 psalmo
1673 4808 1708 4864 de
1720 4808 1804 4865 becio
1824 4810 1898 4876 siro,
1923 4809 2001 4881 quiin

374 4909 384 4943 r
401 4903 430 4947 et
441 4892 606 4948 descendunt
621 4892 654 4945 ad
676 4892 755 4962 plana
777 4892 876 4946 deserti
896 4893 1033 4948 intrabunt
1046 4910 1122 4951 mare
1135 4879 1273 4968 etDlege
1298 4898 1404 4953 Domini
1431 4899 1577 4954 meditatur
1598 4899 1643 4954 die
1670 4914 1703 4953 ac
1730 4908 1835 4964 noete,
1861 4901 1935 4971 quod
1959 4899 2001 4955 iat

373 5000 383 5033 ι
401 4984 522 5046 exibunt,
537 4991 564 5037 et
578 4983 747 5037 satiabuntur
762 4998 848 5051 aqrrm.
866 4983 898 5036 Et
918 4984 1005 5039 omnis
1022 4985 1110 5039 anima
1125 4986 1164 5041 ri·
1217 5005 1226 5039 ι
1241 4997 1367 5058 mnquarn
1378 4988 1479 5059 lignum
1490 4988 1718 5058 qrrodplantatum
1730 4998 1775 5043 est
1786 5005 1869 5045 secus
1879 4991 2001 5045 decem

374 5085 383 5119 ι
401 5084 474 5132 rens,
489 5086 549 5140 qrrae
563 5072 648 5140 serpit
660 5087 820 5141 quocunqne
833 5072 936 5126 venerit
949 5082 1065 5139 torrens,
1079 5075 1162 5141 viret,
1214 5091 1357 5144 aquarum,
1370 5076 1443 5145 quod
1458 5075 1575 5132 iructum
1590 5091 1668 5130 suum
1682 5075 1757 5130 dabit
1769 5076 1798 5130 in
1810 5085 1935 5148 tempore
1946 5089 1999 5138 seo.

373 5180 382 5212 ι
402 5170 430 5216 et
443 5171 523 5216 erunt
533 5165 621 5232 pisces
634 5165 708 5220 multi
720 5167 786 5221 satis
806 5175 947 5237 postquam
965 5170 1087 5224 venerint
1099 5170 1162 5226 illuc
1212 5178 1240 5225 et
1251 5168 1344 5225 lolium
1354 5168 1413 5238 eius
1426 5184 1479 5223 non
1502 5169 1611 5234 decidit,
1626 5177 1654 5223 et
1665 5168 1756 5222 omnia
1772 5184 1945 5239 quaecunque
1964 5165 1997 5222 ia·

375 5253 557 5322 «aquaistae.
574 5255 608 5307 Et
624 5258 1161 5331 sanabunturetritcntomniaadqnae
1213 5261 1283 5316 cerit
1308 5259 1540 5329 prosperabuntur
1566 5256 1717 5329 (Prnl.r).»
1742 5257 1834 5313 Arbor
1859 5260 1934 5315 enim
1955 5259 1998 5313 ista

373 5360 385 5396 ι
401 5343 506 5397 venerit
523 5351 680 5406 turrenses
699 5349 809 5403 stabunt
821 5364 903 5417 super
923 5349 983 5405 illas
1002 5352 1161 5421 piscatores.
1212 5348 1399 5420 principaliter
1416 5347 1575 5419 intelligitur
1592 5348 1721 5403 Dominus
1733 5344 1874 5415 Christus,
1898 5357 1998 5419 propter

374 5433 443 5487 ιιι
459 5434 577 5506 Engaddi
591 5449 675 5503 usqne
689 5437 723 5490 ad
738 5438 992 5508 Engnllimsiecatio
1002 5456 1161 5512 sagenarum
1212 5453 1330 5503 erucem,
1346 5452 1426 5507 quam
1449 5452 1499 5507 pro
1521 5437 1659 5492 hominnm
1685 5435 1773 5492 salrrte
1795 5440 1927 5509 suscepit,
1946 5452 1997 5508 aaa

376 5527 465 5582 terit.
490 5523 616 5581 Plurimae
638 5530 740 5597 speeies
771 5538 850 5585 ertrnt
868 5532 1061 5602 pisciumcjns
1092 5533 1162 5587 sieut
1212 5530 1425 5601 meritolignum
1445 5529 1508 5583 ritae
1529 5529 1638 5593 dieitur,
1659 5528 1863 5597 quandoetibi
1878 5528 1996 5584 nimina

373 5619 486 5687 episecs
502 5620 584 5673 maris
594 5620 695 5689 magni,
710 5620 888 5676 rrrultitudinis
898 5622 995 5677 nimiae.
1012 5622 1041 5676 ln
1060 5622 1162 5678 laisan·
1211 5620 1346 5686 Christus,
1366 5620 1412 5690 qui
1432 5627 1474 5676 est
1495 5619 1550 5674 vita
1571 5625 1673 5682 nostra,
1689 5631 1839 5686 susspensus
1857 5625 1912 5679 est,
1931 5615 1996 5672 etla-

373 5731 382 5764 ι
401 5721 468 5778 tem,
480 5728 540 5782 qttae
558 5713 732 5785 egrediuntur
747 5715 819 5783 ripas
832 5724 860 5768 ct
876 5723 938 5769 strat
952 5695 1093 5784 palustria,
1106 5730 1160 5771 non
1211 5710 1283 5766 troni
1298 5712 1325 5766 in
1339 5712 1433 5766 cadem
1455 5709 1593 5765 conlltenti
1613 5709 1786 5763 dictumest:
1802 5726 1812 5759 ι
1829 5707 1929 5771 Aratu,
1944 5707 1995 5761 do

373 5819 382 5853 ι
401 5803 578 5868 sanabuntur,
595 5805 641 5860 sed
654 5806 680 5859 in
696 5805 796 5860 salinas
806 5805 949 5860 dabuntur.
964 5806 998 5859 Et
1013 5820 1094 5876 snper
1106 5814 1161 5859 too
1213 5803 1271 5867 tibi,
1297 5802 1377 5857 laodic
1398 5816 1503 5856 mecum
1521 5801 1576 5855 eris
1598 5800 1626 5853 in
1649 5798 1777 5870 paradiso
1801 5796 1881 5869 (lac.
1893 5795 1992 5864 runis

373 5909 383 5943 ι
401 5901 505 5948 rentem
519 5894 622 5949 orietur
635 5897 662 5949 in
674 5896 739 5966 ripis
749 5896 808 5966 ejus
819 5910 853 5948 ea
867 5903 981 5965 utraque
991 5911 1023 5966 pa
1029 5905 1068 5951 rte
1080 5911 1161 5951 omrre
1211 5898 1289 5966 Quod
1302 5897 1383 5952 etiam
1407 5895 1511 5965 lignum
1529 5908 1608 5948 secus
1631 5892 1763 5946 decursus
1778 5904 1915 5961 annuarum
1934 5881 1999 5958 μ’·

372 5981 500 6054 «lignum
523 5985 697 6053 pomiferum.
717 5985 775 6042 Non
792 5986 892 6042 dellnet
906 5987 999 6042 lolium
1021 6002 1053 6042 ex
1067 6001 1110 6048 co,
1133 5997 1162 6043 ct
1211 5982 1500 6054 tunr,lmccst,ju1ta
1515 5982 1667 6038 doctrinam
1685 5981 1835 6037 salutarem
1858 5977 1996 6051 {pentane

373 6089 453 6130 uren
465 6073 573 6132 deiciet
586 6076 690 6135 inactus
705 6077 773 6148 ejus.
792 6077 846 6135 l’er
867 6078 987 6150 singulos
1003 6094 1110 6136 araneos
1123 6079 1160 6134 al·
1211 6078 1346 6147 miniani
1373 6078 1407 6134 ad
1430 6076 1630 6132 Samaritanam
1653 6073 1797 6139 mulierem
1814 6074 1840 6129 in
1860 6069 1998 6142 armen
