4500 6842
247 606 294 639 ’Ἃ

236 663 289 719 ere
698 661 875 720 conatur..
894 659 927 716 m
946 658 1175 715 susurratam.
1195 688 1227 702 .-
1250 660 1314 716 tau.
1335 660 1403 717 nt.
1821 663 1873 722 aes
1928 649 1931 660 '

236 780 323 842 pertua
338 770 469 827 tredecim
482 770 592 837 enbitis,
609 771 672 841 qttia
688 785 736 842 per
749 771 952 827 Testamentum
978 766 1026 821 lio·
1047 771 1068 827 .·l
1086 770 1150 824 tiam
1161 772 1363 842 apprchendere.
1373 782 1527 843 protuerunt.
1544 772 1624 829 Certe
1634 774 1777 832 Psaltnista
1790 779 1873 834 dicit:

238 880 302 918 torn
316 864 344 918 in
362 863 443 918 eorde
460 862 547 917 litleiis
559 862 649 932 popuii
664 877 745 932 snper
766 861 895 916 matadata
910 858 1031 929 decalogi
1086 847 1254 927 «Quiemodn
1273 862 1353 917 illitam
1376 863 1462 933 legem
1486 872 1571 930 tttaua,
1601 865 1723 931 hoaaaine,
1747 874 1802 922 tota
1831 870 1875 921 ‹lie

238 969 301 1024 «pne
315 953 536 1009 ueriusettstolit
557 952 675 1024 eogaaitin
697 952 837 1006 Trinitatis
848 952 945 1016 eterit,
958 959 986 1005 et
998 967 1033 1004 ‹a›
1084 955 1222 1008 meditatio
1236 971 1295 1009 mea
1309 965 1351 1008 est
1367 953 1453 1025 (l'aul.
1466 957 1576 1026 carrum
1594 977 1603 1008 a
1623 966 1704 1027 :ttqtte
1716 959 1853 1030 stalajamgit
1868 969 1878 1007 .·

240 1042 367 1099 ttmndtta
388 1043 456 1113 legis
473 1043 595 1113 perleeit,
617 1059 670 1111 sputa
691 1042 851 1097 Trinitatem
872 1057 932 1097 esse
945 1043 1033 1095 orttai-
1087 1065 1095 1093 t
1110 1046 1299 1114 Saperontnes
1307 1047 1436 1100 libertates
1448 1064 1491 1101 me
1501 1049 1631 1113 irttelleti,
1645 1051 1708 1119 qttia
1721 1051 1875 1105 trstitttonia

240 1141 378 1204 potentem
391 1134 533 1189 Durninunt
546 1132 673 1187 eredidit.
691 1131 740 1188 libi
753 1142 781 1185 et
794 1133 868 1187 credi
889 1133 1033 1186 ratimaalti·
1085 1147 1129 1190 tna
1145 1137 1284 1192 meditatio
1299 1155 1357 1193 urea
1376 1149 1416 1192 est
1432 1181 1438 1201 ,
1454 1159 1463 1189 a
1480 1149 1507 1194 et
1521 1142 1637 1196 itemm:
1653 1160 1662 1192 r
1680 1140 1768 1212 Super
1784 1143 1873 1196 settin-

239 1224 302 1280 liter
324 1233 430 1294 potest,
455 1240 504 1278 eur
527 1224 608 1278 istam
633 1223 802 1277 latitandinem
825 1223 926 1277 ltnnms
948 1232 1033 1293 porta
1084 1244 1128 1281 res
1144 1229 1273 1283 intellexi.
1289 1249 1298 1279 a
1315 1231 1366 1296 Qui
1388 1247 1452 1299 rago
1471 1233 1555 1301 legem
1580 1236 1703 1290 meditari
1727 1251 1757 1290 se
1771 1251 1875 1290 memo·

239 1331 321 1385 quana
336 1331 418 1386 supra
435 1315 550 1377 dixerat,
565 1330 618 1368 uana
632 1314 736 1368 calatno
755 1313 906 1368 measurari
920 1312 1033 1367 inlerins
1085 1328 1136 1383 ant,
1148 1328 1176 1373 et
1188 1335 1375 1390 superomnes
1392 1323 1521 1378 uincentes
1541 1339 1602 1379 esse
1617 1340 1649 1380 ae
1664 1326 1787 1382 seniores
1798 1326 1877 1382 intel.

239 1405 565 1476 suldnaaitqrreddeeem
583 1405 873 1469 eulaitismeusnretur,
887 1420 919 1459 ae
936 1404 1034 1459 deinde
1084 1409 1183 1464 inarime
1202 1418 1327 1475 testatur,
1342 1412 1404 1480 paria
1430 1413 1549 1467 alitinam
1573 1417 1714 1471 scilentium
1733 1417 1875 1488 piusquam

239 1500 387 1565 scanditur,
414 1498 485 1569 uttod
507 1499 645 1569 longitudo
664 1507 749 1568 portae
780 1499 907 1553 tredecim
934 1499 1034 1555 enbitis
1084 1500 1877 1572 Moysesaceeperattnaniltstat.Qttonaednautemesten·

238 1600 423 1647 uteusuretnr.
446 1591 521 1648 Unus
544 1591 644 1645 stettim
663 1591 785 1646 calamus
802 1590 859 1660 inan
875 1592 946 1646 sieut
961 1607 1034 1662 sape
1084 1589 1141 1646 anri
1168 1606 1265 1647 sumus
1287 1592 1351 1662 qtaia
1376 1592 1436 1662 pins
1461 1594 1546 1648 sattcti
1568 1596 1682 1670 apostoli
1705 1597 1794 1651 edocti
1812 1606 1878 1652 sunt

240 1686 344 1740 dictum
363 1693 416 1750 est,
439 1686 615 1752 sexcuntias,
635 1695 664 1740 aa
686 1687 803 1756 palmeam
824 1688 1033 1743 batumum
1085 1697 1165 1750 qttam
1180 1683 1334 1752 prophetat
1351 1684 1431 1737 Certe
1451 1684 1558 1739 Veritas
1581 1684 1667 1739 dicit:
1683 1705 1692 1737 t
1710 1685 1785 1741 liniti
1799 1701 1878 1757 reget

240 1791 307 1831 uero
320 1776 403 1831 cubiti
411 1774 468 1845 jam
483 1792 634 1831 tnensuram
656 1794 731 1831 sntnn
753 1792 833 1848 snper
844 1778 979 1833 calamum
995 1786 1034 1833 tc·
1085 1780 1113 1827 et
1125 1773 1263 1850 prophete
1274 1774 1418 1829 voluertmt
1435 1775 1528 1829 vitiem
1540 1788 1601 1846 qua
1614 1775 1721 1842 ridetis,
1733 1784 1826 1832 ettaon
1836 1777 1879 1831 si-

241 1875 324 1932 auttt;
340 1867 468 1923 tredecim
483 1882 547 1921 aero
556 1867 766 1936 atnpliusqaam
784 1869 888 1922 decem.
903 1865 973 1934 Quid
993 1874 1034 1919 est
1085 1864 1204 1918 cleram:
1226 1872 1254 1918 et
1276 1865 1370 1919 attitiae
1390 1880 1450 1935 qtae
1469 1865 1580 1930 atatiitis,
1605 1874 1633 1921 et
1658 1878 1712 1923 neat
1733 1866 1878 1922 audierunt

240 1973 307 2028 ergo
323 1959 396 2027 gnoti
409 1959 486 2027 prius
508 1959 535 2012 in
550 1974 603 2014 tans
623 1959 730 2013 calutate
743 1958 826 2013 limen
843 1967 936 2029 portae,
956 1968 1032 2029 post·
1087 1953 1163 2023 (duc-
1175 1955 1215 2022 tt).
1233 1974 1242 2004 a
1259 1953 1321 2007 Plus
1336 1970 1401 2025 emo
1415 1970 1497 2025 eptam
1520 1957 1659 2025 prophete
1673 1957 1766 2012 lirina
1789 1959 1877 2014 sciere

241 2049 353 2103 modum
367 2047 482 2103 latitudo
501 2047 559 2116 eins
582 2048 674 2102 aierem
696 2049 803 2113 erabitis,
825 2049 859 2102 ad
882 2057 1033 2103 extremum
1089 2047 1124 2101 tia
1148 2054 1290 2100 atoaerttnt.
1305 2046 1372 2114 th
1392 2047 1465 2116 amad
1484 2047 1522 2101 itti
1544 2047 1601 2102 solra
1624 2047 1722 2118 spiritu
1738 2049 1875 2116 vitiertmt,

240 2154 352 2208 gumane
372 2138 511 2210 iongitudo
529 2147 614 2208 portae
634 2140 763 2193 tredecim
785 2149 967 2204 nteatsuratur,
983 2140 1035 2194 nisi
1052 2123 1232 2204 lipsiensis
1248 2139 1426 2208 corporaliter
1440 2140 1577 2194 ridebant.
1597 2140 1707 2210 impieta
1722 2150 1765 2196 est
1787 2141 1880 2213 itaque

193 2234 198 2244 ·
241 2227 314 2298 qttutl
340 2230 426 2285 sandi
450 2240 541 2300 patres
565 2246 632 2300 qums
656 2244 704 2300 pcr
732 2246 837 2285 sueram
867 2230 1035 2301 Seriptnrnm
1088 2242 1191 2297 estona}
1207 2229 1473 2298 strperinsdiainans,
1492 2230 1609 2285 ilanielis
1629 2231 1774 2296 sententia,
1792 2232 1880 2301 «qula

241 2330 305 2377 atate
320 2321 407 2393 legem
420 2320 502 2378 luisse
519 2323 718 2393 mgraoselmns,
733 2338 817 2376 tanam
829 2322 1037 2392 quidemonani-
1088 2318 1291 2386 pertransibant
1306 2319 1425 2389 pluriam,
1446 2329 1473 2375 et
1498 2318 1637 2390 atttritipleat
1656 2319 1710 2374 erit
1726 2319 1850 2376 seientia.
1866 2340 1877 2372 a

241 2421 381 2482 potentem
397 2413 492 2477 ὓιιιιιι,
516 2423 637 2468 sttatetatn
662 2413 787 2468 videlieet
800 2413 959 2467 Trinitatem
972 2429 1036 2468 esse
1088 2409 1212 2464 lienteum
1236 2425 1301 2480 ergo
1327 2411 1423 2464 calami
1443 2411 1489 2480 qni
1512 2419 1554 2465 est
1579 2425 1625 2465 set
1652 2412 1826 2476 cubitorum,
1852 2420 1882 2466 et

243 2504 399 2558 amteannti
418 2504 465 2558 sed
480 2504 600 2559 eamdem
622 2504 781 2559 Trinitatem
807 2520 889 2574 uotam
905 2517 1037 2575 eogtaoue-
1087 2498 1177 2570 pulmo
1191 2500 1350 2554 ducattarad
1367 2501 1475 2555 ctrbitos
1488 2503 1594 2567 decerta,
1607 2509 1635 2557 et
1645 2510 1775 2556 mensura¹
1785 2503 1880 2558 decem

243 2606 316 2660 rant,
333 2597 552 2665 aperiaminiane
566 2596 849 2667 praerlieuvprupt‚qaai
864 2598 926 2667 ejus
937 2595 1037 2664 jussip-
1088 2590 1240 2644 etlaitorum
1261 2592 1295 2644 ati
1319 2598 1472 2646 extremum
1494 2603 1588 2663 surgat
1602 2593 1629 2646 in
1648 2590 1778 2648 tredecim
1792 2610 1800 2647 t
1815 2592 1880 2662 qnia

243 2685 325 2741 nibus
340 2685 508 2751 obedientes,
531 2696 559 2741 at
574 2686 636 2740 nica
654 2686 817 2739 ιιιιιιιιιιιὶιιιιι
830 2695 1036 2751 catassamitum,
1087 2688 1190 2749 parante
1211 2681 1327 2735 antarados
1341 2680 1376 2735 ari
1388 2682 1589 2737 extremitatem
1602 2682 1719 2749 tinnitus,
1741 2690 1817 2738 unte
1828 2696 1880 2738 no·

242 2775 322 2846 mansi
338 2775 366 2830 in
378 2790 425 2831 seat
444 2775 545 2831 cubitis
565 2774 660 2831 ealami
677 2777 831 2831 ltabrnamnt
844 2775 1038 2845 perfectionem
1088 2774 1131 2827 bis
1144 2782 1254 2828 amenas
1270 2773 1360 2829 aditus
1373 2773 1621 2846 largiias'aperitnr.
1634 2772 1784 2846 Sequitur:

242 2867 388 2936 operiam
401 2880 471 2937 sepe
484 2866 594 2937 angelos
608 2867 728 2922 ridentes
749 2868 902 2922 balatternnt
918 2867 1037 2936 palmum
1126 2864 1190 2920 «itt
1213 2866 1364 2937 marginem
1394 2874 1457 2921 ante
1484 2852 1628 2922 aluuatno's'
1643 2866 1727 2923 cubiti
1760 2867 1878 2923 uniunt

242 2955 491 3026 mntemphatanis.
512 2955 779 3010 manutenuimus
803 2955 847 3010 ille
862 2955 1037 3011 liebraeomm
1089 2954 1191 3028 (Gaep.)
1206 2955 1283 3011 Sient
1305 2970 1378 3027 sepe
1397 2956 1524 3020 diximus,
1548 2956 1658 3013 thalami
1684 2958 1765 3014 eorda
1782 2950 1893 3015 electe

242 3046 360 3118 populas
375 3047 500 3101 mandata
519 3045 640 3117 decalogi
656 3059 767 3101 servare
785 3057 900 3117 cenatus
914 3054 967 3111 cst,
989 3047 1038 3102 sed
1071 3061 1150 3100 -ruat
1172 3053 1247 3113 sttnt,
1264 3047 1459 3117 omnipotentis
1473 3046 1520 3100 ilci
1543 3060 1636 3101 amore
1656 3045 1798 3102 laurentia.
1811 3040 1892 3116 Quid

243 3146 337 3193 mmen
352 3136 386 3192 de
397 3136 553 3209 cognitione
569 3145 671 3192 sanetae
687 3137 828 3193 'i'rinitatis
848 3137 971 3194 eruditus
984 3152 1037 3194 non
1089 3153 1139 3208 per
1152 3139 1302 3209 marginem
1321 3147 1384 3195 aute
1400 3136 1534 3194 thalamos
1554 3137 1606 3194 taisi
1620 3137 1687 3194 tides
1700 3138 1884 3209 exprimunt!

243 3237 297 3285 cst.
321 3228 491 3300 thnantais
505 3229 576 3285 ntae
596 3228 732 3298 spiritales
749 3237 843 3299 patres
856 3228 977 3299 perfecte
993 3244 1038 3286 eo·
1090 3231 1152 3300 cattia
1171 3231 1222 3287 nisi
1238 3232 1315 3302 prius
1330 3232 1388 3302 ipsa
1405 3228 1885 3303 anetuunultomndaaaspirita'-

242 3321 414 3392 grtorissetrt,
434 3321 579 3377 tutaltitudo
602 3330 691 3375 tamen
714 3336 966 3394 magnusynagnga
989 3337 1040 3378 nee
1091 3323 1276 3379 iemamorem
1293 3322 1469 3394 pertingitur.
1494 3322 1552 3376 lion
1570 3322 1643 3377 enim
1657 3323 1884 3392 eharitaslidm

243 3414 368 3470 inuenire
389 3412 547 3484 ntpsterium
570 3411 712 3468 Trinitatis
730 3412 828 3481 potuit,
854 3428 904 3467 nec
918 3428 1039 3484 qnaerere
1092 3417 1140 3472 sed
1163 3416 1230 3471 saties
1250 3416 1410 3471 charitatem
1437 3414 1584 3485 praeeedit:
1598 3429 1678 3471 nemo
1695 3415 1768 3471 euim
1793 3424 1887 3488 potest

244 3503 335 3560 scirit
350 3501 562 3574 superveniente
574 3509 664 3556 autem
675 3501 761 3572 gratia
775 3515 824 3571 per
834 3501 1039 3558 Testamentum
1054 3474 1077 3534 C
1091 3520 1186 3561 aurare
1198 3507 1268 3575 priori
1287 3520 1342 3559 non
1358 3505 1513 3560 crediderit.
1534 3504 1626 3575 iiargo
1640 3506 1732 3577 itaque
1755 3515 1797 3562 est
1821 3512 1885 3566 ante

245 3594 352 3651 Novum
371 3595 460 3651 oannis
482 3594 569 3649 boelis
583 3593 697 3665 populns
712 3608 795 3648 unum
818 3594 902 3648 Βοιιιιι
918 3593 1039 3649 Trinita-
1092 3597 1236 3661 thalamos,
1250 3597 1317 3651 linies
1337 3604 1401 3651 ante
1425 3597 1549 3651 arderent
1561 3597 1716 3660 charitatis,
1731 3598 1793 3669 quia
1812 3598 1900 3671 sient¹

246 3697 302 3742 tem
317 3701 379 3743 esse
392 3686 528 3757 cognorit,
543 3686 705 3741 etrirtutetn
719 3684 839 3756 decalogi
852 3686 879 3739 in
891 3684 950 3754 eius
961 3687 1039 3757 agni·
1091 3689 1193 3743 dietum
1212 3695 1263 3751 est,
1280 3687 1330 3741 nisi
1352 3703 1384 3740 ca
1404 3700 1465 3756 que
1482 3686 1560 3740 audis
1582 3686 1742 3752 credideris,
1761 3688 1795 3742 ati
1810 3694 1887 3746 atsto¹

247 3781 323 3834 tione
337 3778 491 3848 compleuit.
506 3777 584 3832 Prius
593 3792 659 3847 ergo
675 3777 755 3832 limen
768 3787 853 3846 portae
868 3787 1041 3834 mensuretur
1092 3794 1150 3833 rent
1177 3793 1272 3833 eorum
1293 3791 1353 3847 ptrue
1377 3775 1497 3831 audieris
1523 3774 1677 3831 nullatenus
1695 3774 1885 3836 inflammaris.

245 3871 355 3926 calsano
370 3887 433 3934 tino,
447 3869 621 3940 postmodum
645 3870 759 3925 latitudo
778 3870 837 3940 ejus
852 3869 944 3924 aiacem
963 3871 1040 3926 euhi-
1092 3868 1146 3923 Sed
1168 3882 1262 3938 margo
1284 3875 1348 3922 ante
1369 3866 1503 3921 thalamus
1527 3864 1610 3921 cubiti
1625 3866 1704 3922 nnius
1719 3864 1802 3937 :quia
1821 3876 1887 3924 tunc

247 3961 437 4030 tis‚uttptcatl
458 3959 1041 4030 extremumimagituaiopertteenbitistre·
1092 3960 1161 4017 sides
1190 3959 1271 4014 cerda
1300 3957 1468 4013 audientium
1502 3957 1557 4011 ilco
1583 3957 1610 4010 in
1639 3970 1732 4013 amere
1756 3956 1896 4031 copulat,

216 4052 238 4071 ’'
247 4053 338 4116 (lecim
352 4070 358 4105 :
370 4052 467 4121 attinet
488 4052 591 4106 satietis
605 4052 726 4120 patribus
740 4058 803 4105 anm
815 4051 900 4122 legem
912 4053 1000 4106 aetina
1012 4061 1041 4107 et
1092 4051 1201 4121 qttarario
1213 4064 1262 4120 per
1276 4062 1385 4104 errores
1399 4056 1427 4103 et
1440 4047 1586 4103 schismata
1599 4047 1684 4102 (lirisa
1704 4063 1758 4102 raon
1776 4036 1828 4116 est,
1840 4053 1888 4106 sed

246 4143 458 4214 estatempiatira
473 4143 528 4197 rita
542 4156 595 4197 nen
609 4140 704 4205 deluit,
722 4150 749 4197 et
767 4142 818 4198 sub
833 4143 900 4214 legis
914 4143 1043 4214 decalogo
1093 4141 1121 4195 in
1135 4140 1240 4195 unitate
1253 4138 1393 4209 perdurat,
1408 4145 1438 4192 ut
1452 4136 1578 4192 videlieet
1600 4151 1693 4209 margo
1711 4139 1792 4194 unius
1802 4131 1887 4197 cubiti

248 4238 368 4308 popolus,
388 4236 485 4291 <littam
506 4235 665 4291 snbstantias
688 4236 845 4306 mysterium
868 4237 993 4292 nesciens
1014 4237 1042 4290 itt
1093 4229 1361 4286 audientisanlmum
1375 4229 1408 4284 ad
1426 4226 1574 4283 thalamum
1589 4226 1738 4298 perducat:
1753 4229 1816 4300 quia
1830 4246 1888 4288 cta·

250 4328 438 4383 tanmlaternna
451 4326 592 4382 latitudine
606 4326 736 4391 sertirit;
753 4335 781 4382 et
805 4342 877 4381 unam
891 4328 943 4382 sub
956 4328 1043 4398 gratia
1094 4321 1170 4376 lestis
1189 4321 1280 4390 sponsi
1299 4319 1417 4388 speeiem
1439 4333 1520 4390 gnam
1542 4318 1588 4375 hic
1608 4319 1747 4390 praedicat,
1769 4329 1889 4392 postam

249 4417 392 4474 maestitia
408 4417 501 4472 aerius
523 4416 642 4487 decalogi
668 4417 821 4486 praeceptis,
836 4418 925 4472 enanis
940 4417 986 4486 qni
1009 4418 1044 4473 ad
1094 4415 1158 4469 tlnm
1179 4413 1206 4469 in
1230 4411 1389 4468 coelestibns
1411 4410 1590 4468 demonstrat.
1605 4411 1683 4468 Unde
1699 4420 1727 4468 et
1741 4410 1810 4468 berte
1824 4416 1888 4471 suh-

250 4508 333 4565 lidem
349 4508 463 4572 venerit,
481 4514 584 4562 sanetas
599 4506 740 4562 Trinitatis
760 4516 931 4563 sacramenta
945 4522 1045 4579 cogno·
1095 4506 1168 4560 ditur
1186 4522 1193 4558 :

298 634 335 675 'lta

249 4600 313 4655 seit.
327 4598 387 4666 Qua
402 4598 429 4652 in
443 4613 473 4671 re
485 4599 537 4652 hee
549 4612 656 4666 quamue
667 4597 744 4652 nobis
757 4597 897 4653 sciendum
908 4605 962 4664 est,
972 4599 1045 4668 qnod
1133 4596 1191 4652 «aa
1214 4596 1321 4652 cubitus
1345 4611 1419 4651 utras
1446 4594 1509 4650 linis
1537 4603 1693 4665 utrtnnque.
1709 4611 1718 4646 a
1737 4592 1889 4667 Utrumque

250 4706 302 4761 per
314 4689 480 4744 incretnenta
491 4696 643 4756 teattpornm
656 4688 741 4742 ereata
756 4688 869 4743 seientia
881 4689 1044 4758 spiritalium
1096 4696 1186 4742 autem
1199 4687 1298 4742 dieitur
1312 4699 1345 4740 ae
1359 4685 1382 4740 si
1401 4685 1507 4740 dicatur
1528 4693 1713 4754 utrorumque.
1728 4680 1782 4737 Per
1797 4683 1890 4739 latitu-

250 4788 360 4849 patrum
375 4776 456 4848 :pius
469 4791 586 4844 namque
597 4775 704 4846 iieyses
718 4790 799 4845 quam
819 4777 968 4843 aua-alnas,
985 4778 1046 4848 pitu
1060 4813 1084 4871 D
1097 4779 1188 4833 dinem
1208 4776 1308 4846 quippe
1323 4774 1424 4830 liminis
1443 4784 1471 4828 et
1489 4772 1683 4844 longitudinem
1697 4781 1793 4842 perta,
1807 4771 1891 4830 Tetus

250 4869 391 4939 prophetas
402 4882 482 4939 quam
497 4866 612 4939 Moyses,
628 4867 689 4938 plus
703 4868 819 4937 apostoli
834 4883 916 4937 quam
929 4870 1045 4939 prophe·
1097 4887 1130 4926 ae
1142 4869 1246 4924 Notum
1266 4867 1469 4922 Testamentum
1488 4865 1605 4920 diximus
1618 4862 1765 4934 designari.
1786 4864 1827 4922 Ad
1842 4881 1890 4922 ex-

252 4957 330 5012 teia
346 4956 725 5027 eumipotentisiieiscientia
743 4957 926 5013 eruditisont.
943 4958 1044 5025 Fallor,
1097 4971 1214 5017 tremum
1234 4974 1298 5015 rere
1321 4958 1431 5013 additur
1449 4956 1522 5026 quod
1543 4956 1652 5011 cubitus
1672 4970 1742 5013 unus
1765 4958 1801 5014 ait
1827 4958 1889 5018 linis

251 5048 274 5104 si
291 5048 353 5103 hare
374 5047 433 5117 ipsa
446 5046 587 5118 Scriptura
600 5063 655 5102 nen
669 5046 790 5118 loquitur
803 5047 885 5119 (dua.
907 5049 968 5122 aar),
983 5067 1045 5121 per·
1099 5062 1243 5122 utrumque
1255 5068 1261 5105 ε
1273 5049 1336 5119 quia
1349 5046 1473 5103 videlicet
1483 5047 1687 5103 Testamentum
1699 5049 1794 5116 Tetus,
1805 5066 1891 5110 unum

252 5136 409 5194 transibunt
427 5137 536 5208 plurmi
553 5145 584 5194 et
605 5138 746 5208 multiplea
769 5139 823 5193 erit
847 5141 970 5195 scicntia.
992 5141 1045 5198 Sed
1099 5144 1179 5199 neiais
1198 5141 1373 5196 mediatorem
1388 5137 1476 5193 belet
1489 5137 1786 5209 hominumnuntiavit,
1799 5151 1826 5198 et
1838 5142 1892 5200 Te·

251 5229 312 5285 hae
324 5228 418 5285 eadem
434 5244 493 5298 quse
508 5229 541 5284 de
554 5228 703 5293 hbralaam,
721 5237 749 5284 et
769 5230 921 5299 prophetis,
935 5244 964 5287 et
982 5248 1047 5303 apo·
1099 5241 1262 5290 stamentnm
1277 5230 1381 5286 liorem
1394 5229 1518 5285 euntdem
1534 5227 1611 5284 uubis
1624 5230 1731 5286 nuntiat
1745 5231 1772 5286 iu
1789 5240 1892 5289 :eterna

252 5317 330 5375 ⁸2⁰¹ss
344 5317 473 5384 alffinus·
487 5333 521 5374 ex
539 5317 659 5387 duellem
672 5318 821 5389 Scriptura
835 5321 924 5378 ιοιιιίι
940 5324 963 5378 si
983 5340 1047 5394 pos·
1100 5329 1223 5386 claritate
1236 5333 1389 5388 tentanum,
1400 5336 1480 5394 quent
1491 5319 1548 5390 jam
1562 5337 1610 5392 pro
1625 5323 1703 5378 nobis
1715 5324 1892 5395 cognorimus

252 5425 347 5466 sumus
367 5410 550 5466 mandamus
567 5410 633 5478 Quis
657 5411 731 5466 enirn
754 5413 859 5468 nesciat
878 5414 941 5485 quia
960 5414 1050 5471 abra·
1100 5420 1282 5477 incarnatum.
1297 5415 1411 5472 Cubitus
1430 5429 1496 5487 erge
1510 5430 1580 5471 mnas
1591 5414 1891 5488 ,huisutrttnaqncestz

253 5503 317 5559 bata
339 5517 402 5557 euna
420 5502 477 5557 Deo
496 5502 605 5562 loeutus
627 5503 689 5558 est?
719 5512 748 5558 et
770 5512 860 5559 tanuen
883 5506 917 5560 ad
939 5506 1047 5578 iioyscn
1100 5515 1165 5586 quia
1178 5520 1206 5568 et
1226 5525 1308 5583 quem
1330 5508 1375 5564 lex
1393 5506 1519 5576 predixit
1542 5507 1570 5562 ln
1594 5520 1676 5562 carne
1698 5506 1843 5577 apparuit:
1864 5517 1893 5565 et

253 5590 385 5647 Dumium
413 5593 496 5648 dicit:
513 5592 594 5663 «Ego
617 5608 677 5648 snm
705 5594 777 5649 hetta
801 5594 947 5665 Abraham,
976 5598 1052 5654 Deua
1102 5607 1160 5674 ipse
1173 5616 1253 5674 quem
1271 5613 1345 5655 nnnc
1365 5598 1569 5653 Testamentum
1593 5592 1697 5652 ilerum
1722 5596 1841 5669 loquitur
1862 5596 1892 5655 iu
1981 5656 1985 5664 ,

253 5684 338 5751 issam
352 5695 380 5742 et
400 5687 472 5743 hena
489 5685 583 5752 Jacob,
597 5696 625 5743 et
636 5703 734 5743 rtonteta
749 5704 840 5744 ιιιιιιιιιι
858 5690 973 5758 adoraui,
992 5707 1046 5748 non
1102 5694 1188 5766 gloria
1206 5688 1358 5762 maiestatis
1371 5688 1529 5760 apparebit:
1545 5695 1573 5756 et
1594 5695 1659 5743 tune
1671 5696 1816 5759 utracunque
1829 5686 1893 5743 duis

254 5781 373 5840 indicati
397 5782 437 5837 eis
456 5781 558 5852 (Eeod.
579 5782 628 5845 ati.
645 5802 654 5834 a
681 5783 751 5837 Eece
770 5782 832 5854 pius
855 5783 940 5856 iloysi
963 5802 1046 5857 qatam
1101 5786 1155 5842 erit
1167 5800 1228 5842 cnm
1242 5784 1316 5840 risus
1330 5783 1357 5838 in
1370 5781 1584 5838 divinitatissnae
1593 5781 1713 5854 potentia
1726 5782 1817 5836 omnia
1831 5796 1893 5851 grate

253 5875 372 5932 Abrahae
389 5876 555 5941 innotuerat,
573 5876 619 5945 qni
642 5875 706 5929 iilud
725 5877 759 5931 de
778 5891 809 5930 ae
824 5876 908 5949 iioysi
934 5880 1046 5946 indicat,
1102 5884 1165 5933 sum
1183 5874 1314 5946 praedicta
1328 5872 1513 5945 compleverit.
1538 5871 1675 5943 Scriptum
1698 5886 1815 5943 ruantque
1829 5880 1890 5927 est:

254 5967 371 6038 quodue
386 5966 501 6022 hbralaae
523 5981 576 6021 non
591 5968 726 6023 imlieasse
746 5969 886 6023 narrabat.
907 5968 935 6025 Si
957 5970 1047 6026 ridea-
1105 5969 1205 6024 «Finis
1227 5967 1295 6038 legis
1318 5966 1443 6022 Christus
1463 5966 1497 6021 ad
1517 5964 1651 6036 justitiam
1675 5965 1748 6020 omni
1771 5965 1893 6022 eredenti

254 6071 317 6114 ants
330 6058 354 6113 si
374 6057 513 6128 prophetae
526 6057 588 6128 pius
605 6073 686 6127 ortam
699 6057 806 6129 iinyses
819 6059 938 6116 divinam
959 6061 1048 6119 seien-
1102 6060 1190 6133 (Rom.
1207 6060 1279 6135 at);a
1301 6058 1363 6117 finis
1382 6058 1509 6120 uidelicet
1535 6072 1588 6114 non
1610 6056 1657 6128 qui
1679 6055 1824 6124 consumit,
1845 6055 1894 6113 sed

420 6153 558 6214 Parnon.
582 6150 650 6216 CX.
1614 6149 1656 6209 uu
