4500 6842
302 659 1931 737 Ὴ

605 831 891 946 ΒΕΔἮ
929 833 1304 948 ΜΒΔΝῙ
1338 837 1644 953 metim

663 1039 856 1103 rutbmsts
873 1044 1020 1103 deseris
1036 1045 1083 1103 ET
1099 1045 1292 1107 ttoattttrtttt
1307 1047 1569 1110 necareriscort

423 1220 750 1338 OPERUM
800 1225 1128 1342 OMNIUM
1178 1227 1381 1346 PARS
1431 1230 1808 1350 SECUNDA

1084 1466 1153 1510 sive

520 1597 523 1602 ⁶
601 1609 740 1702 Scripta
755 1613 796 1680 ab
815 1614 888 1703 ipso
907 1612 998 1681 edita
1021 1628 1096 1704 poet
1112 1617 1265 1686 relictam
1284 1621 1484 1691 abbatialem
1503 1647 1634 1696 curam.

850 1962 1406 2110 HOMILIAE·

808 2252 872 2332 (rs
892 2249 1001 2314 nuno
1027 2251 1088 2313 sao
1110 2251 1164 2311 sn
1186 2250 1325 2313 sunum
1346 2249 1431 2333 stt.)

640 2633 644 2641 .
1093 2539 1131 2652 1

342 2766 573 2898 tttttth
612 2765 679 2894 llll
717 2764 895 2894 llilli
935 2762 1235 2913 ttdtttttt,
1274 2768 1403 2898 titt
1441 2769 1508 2898 llll
1546 2770 1881 2902 ttttttttttt.

602 3053 788 3113 ramberto
1102 3059 1171 3120 Aut
1184 3069 1252 3112 mee
1263 3056 1389 3127 parvitati
1402 3057 1552 3127 impendas,
1566 3065 1596 3113 ut
1608 3058 1812 3130 quibuscunque
1824 3059 1858 3117 de
1872 3063 1935 3120 sub-

456 3165 490 3203 an
508 3163 678 3204 utrsrunrurt
699 3162 935 3204 sncnrsrrscororr.
1138 3145 1230 3217 lectis,
1243 3147 1301 3206 sive
1317 3149 1431 3215 devotis,
1446 3151 1497 3206 hoe
1511 3150 1669 3220 opuseulum
1685 3150 1718 3206 ad
1738 3151 1879 3224 legendum
1893 3155 1936 3225 vpl

338 3242 437 3297 Sancto
460 3256 493 3296 ae
516 3239 663 3295 venerabili
687 3238 761 3293 Patri
784 3237 936 3294 liarsrutro
956 3235 1090 3308 archiepl-
1142 3242 1387 3313 adpraedicantlum
1400 3241 1563 3307 committes,
1577 3259 1664 3300 aream
1678 3243 1850 3316 fragilitatem
1864 3248 1935 3318 apud

301 3349 394 3404 scopo,
409 3332 545 3397 Rtrrses,
561 3330 621 3386 vilis
636 3330 753 3386 servitor
767 3330 929 3385 servitorum
943 3327 1001 3384 Dei.
1138 3330 1318 3401 justissimum
1331 3332 1454 3390 iudicem
1467 3333 1637 3390 orationibus
1650 3334 1707 3391 suis
1721 3334 1849 3405 adjuvare
1866 3353 1935 3408 pre·

336 3423 504 3479 iussionibus
526 3422 579 3477 tuis
598 3423 803 3491 obtemperans,
825 3420 982 3477 beatissime
1002 3419 1091 3485 Pater,
1143 3421 1237 3491 cipias,
1255 3430 1389 3492 quamnus
1409 3422 1551 3494 presentis
1573 3422 1636 3478 vitae
1657 3439 1766 3480 cursum
1790 3441 1838 3495 per
1859 3443 1936 3484 suam

300 3529 453 3570 sermonem
466 3513 569 3569 conieci
581 3513 614 3568 ad
626 3511 826 3590 praedicandam
839 3510 993 3583 populo,de
1005 3509 1093 3566 omni·
1143 3512 1257 3584 gratiam
1270 3511 1371 3568 diutius
1383 3519 1501 3580 teneam,
1514 3520 1542 3568 et
1554 3512 1588 3568 ad
1603 3512 1720 3569 luteram
1740 3514 1936 3572 beatitudinem

300 3607 353 3662 hus
372 3620 431 3675 quse
452 3603 605 3658 necessaria
630 3602 670 3657 eis
694 3601 812 3668 credidi3
836 3603 888 3658 hoc
906 3609 958 3666 est,
976 3600 1093 3672 primum
1142 3601 1257 3660 feliciter
1274 3604 1416 3675 pervenire
1435 3617 1551 3663 mercar.
1576 3603 1708 3661 Divinitas
1729 3605 1836 3661 Domini
1850 3606 1936 3663 nostri

300 3697 408 3767 qualem
424 3694 625 3750 observantiam
638 3694 768 3750 deberent
781 3693 882 3750 hahere
895 3694 923 3749 in
937 3691 1092 3749 lestivitatl·
1142 3694 1206 3752 lesu
1216 3694 1318 3753 Christi
1332 3695 1526 3752 beatitudinem
1539 3704 1658 3752 vestram
1671 3697 1745 3752 omni
1761 3706 1880 3769 tempore
1894 3697 1936 3753 in-

302 3790 353 3844 bus
367 3787 508 3857 precipuis
518 3800 578 3856 quae
592 3793 655 3841 sunt
668 3785 695 3840 in
708 3785 773 3840 anni
788 3784 899 3850 circuio,
919 3794 950 3840 ut
966 3791 1094 3839 vacantes
1143 3786 1277 3844 columem
1290 3801 1452 3844 conservare
1464 3786 1598 3859 dignetur,
1612 3794 1704 3843 sancte
1718 3785 1818 3843 Pater:
1832 3801 1938 3843 memor

302 3882 337 3937 ab
348 3895 429 3951 opere
443 3865 588 3944 mundano,
603 3893 657 3934 non
667 3878 744 3934 vacui
758 3877 854 3934 beraut
868 3892 883 3932 a
897 3876 980 3932 verho
991 3875 1093 3944 didam
1144 3878 1183 3936 sis
1194 3877 1291 3935 nostri.

304 3971 351 4027 sed
365 3969 558 4041 cognoscentes
570 3965 1094 4038 heirolurrtatcm,iactiseamimplere
1522 3978 1556 3989 ··

303 4061 464 4115 studerent:
480 4057 578 4115 deinde
595 4058 732 4114 texuimus
749 4058 967 4129 praedicationem
987 4057 1040 4114 iliis
1060 4057 1096 4115 de
1398 4057 1540 4115 domitta
1565 4057 1681 4112 Pthid.

303 4153 417 4208 diversis
440 4151 580 4223 speciebus
602 4151 743 4216 virtutum,
757 4151 784 4207 id
799 4158 850 4216 est,
870 4151 904 4207 de
920 4149 982 4218 lide,
1002 4163 1049 4220 spe
1066 4156 1095 4205 et
1213 4167 1282 4206 aare
1299 4165 1424 4206 urrunnu
1444 4163 1536 4204 nostra
1554 4163 1649 4205 eosrsr
1667 4164 1728 4206 sese
1741 4165 1860 4206 cunrsrr.

303 4241 445 4307 claritate,
459 4242 493 4297 de
506 4241 639 4307 castitate,
660 4241 839 4308 continentis,
858 4248 887 4296 ct
910 4241 1013 4296 caeteris
1034 4254 1095 4311 spe-
1178 4237 1482 4312 hppropirrquantelam
1496 4239 1680 4296 sacratissima
1700 4239 1870 4296 solemnitate
1880 4256 1935 4314 qua

303 4334 396 4389 ciebus
419 4333 565 4398 virtutum,
589 4330 705 4403 qualiter
728 4345 775 4388 eas
797 4339 953 4403 appetentes
965 4338 994 4388 et
1006 4337 1094 4386 eusto-
1145 4333 1270 4389 Salvator
1292 4341 1385 4389 noster
1404 4331 1476 4388 inter
1494 4331 1618 4387 homines
1635 4331 1711 4388 nasci
1725 4331 1937 4390 misericorditer

304 4428 410 4481 dientes
425 4427 481 4482 Deo
500 4425 648 4495 placerent,
668 4432 697 4479 et
717 4424 799 4479 vitam
818 4431 947 4478 aeteruam
966 4422 994 4477 in
1015 4419 1093 4479 coelis
1106 4403 1130 4463 Β
1144 4424 1244 4492 voluit,
1258 4423 1357 4480 iratres
1371 4423 1533 4489 charissimi,
1546 4422 1677 4480 attentius
1689 4423 1858 4479 considerate
1869 4439 1937 4496 qua·

305 4531 368 4572 eum
388 4515 487 4569 sanctis
506 4513 608 4584 angelis
621 4512 761 4584 percipere
773 4520 893 4583 possent.
917 4511 1014 4569 Postea
1028 4525 1093 4568 vero
1142 4516 1205 4572 liter
1218 4523 1341 4588 oporteat
1356 4529 1406 4571 nos
1421 4514 1448 4569 in
1468 4514 1583 4569 adventa
1598 4520 1680 4569 tantae
1693 4513 1820 4584 potentie
1833 4529 1938 4587 prem·

303 4606 388 4663 alium
403 4604 573 4675 adjunximus
591 4618 745 4661 sermonem
767 4603 800 4659 de
819 4602 903 4658 variis
923 4616 1046 4660 erronem
1065 4612 1094 4662 et
1143 4608 1208 4673 rari,
1221 4615 1252 4662 ut
1266 4614 1394 4679 regemet
1407 4604 1548 4660 murinum
1564 4612 1686 4660 nostrum
1704 4604 1758 4660 laeti
1777 4613 1859 4675 atque
1870 4621 1937 4678 gru·

303 4698 431 4753 vitiorum
456 4694 656 4752 seductionibus
681 4709 743 4750 eum
769 4692 869 4763 auibus
892 4694 1020 4765 antiquus
1043 4695 1092 4751 ho·
1142 4696 1237 4751 deame
1256 4711 1317 4752 cunr
1333 4694 1418 4768 gloria
1437 4701 1465 4750 et
1481 4692 1606 4749 laudibus
1622 4706 1775 4749 mereamur
1788 4685 1937 4765 suseipele,

303 4790 355 4846 stis
375 4789 521 4843 humanum
543 4801 628 4860 genus
651 4786 752 4842 deludit
773 4799 806 4841 ae
827 4785 948 4857 decipit:
965 4788 1017 4843 hoe
1037 4794 1092 4854 est,
1143 4795 1171 4843 et
1183 4787 1210 4843 in
1225 4798 1368 4859 conspeetu
1387 4787 1446 4859 ejus
1466 4788 1538 4842 inter
1556 4793 1644 4843 coetus
1669 4785 1761 4842 lelioes
1781 4797 1937 4846 sanctorum

305 4886 339 4940 de
354 4883 426 4939 maio
437 4881 570 4952 superbiae
580 4888 609 4937 et
617 4879 764 4951 jactantie,
779 4880 837 4946 irte,
850 4879 967 4946 invidia,
980 4879 1093 4948 fraudis,
1143 4878 1339 4949 gratulabundo
1352 4877 1488 4933 exsultare
1506 4876 1601 4947 magis,
1618 4891 1699 4947 quam
1717 4876 1751 4932 ab
1768 4892 1813 4943 eo,
1827 4886 1938 4948 propter

307 4976 434 5039 avaritiae,
457 4973 526 5046 gule
544 4980 572 5028 et
592 4970 790 5036 fornicatiouis,
803 4978 832 5028 ct
847 4970 890 5027 his
905 4970 1048 5039 similibus,
1064 4980 1095 5028 ut
1144 4968 1293 5025 loeditatem
1316 4975 1437 5023 nostram
1462 4965 1573 5036 repulsi,
1593 4968 1663 5023 inter
1680 4975 1838 5039 peccatores
1856 4978 1937 5024 aeter-

305 5063 517 5122 seirerrtchristi
530 5079 593 5120 oves
604 5064 737 5133 quomodo
749 5063 805 5135 lupi
819 5062 979 5119 ferocissimi
992 5071 1021 5118 et
1032 5063 1095 5119 dra·
1144 5076 1207 5117 nam
1225 5058 1409 5116 contusionem
1424 5057 1533 5113 mereri.
1559 5058 1593 5113 lit
1607 5057 1667 5114 ideo
1686 5074 1751 5130 rogo
1764 5068 1792 5114 et
1804 5059 1936 5116 admoneo

306 5155 383 5211 conis
395 5153 535 5210 saevissimi
549 5166 657 5208 morsus
672 5151 796 5217 evadere,
814 5160 843 5208 et
857 5152 985 5223 precisas
998 5165 1095 5209 cavere
1145 5158 1184 5216 ut,
1201 5158 1330 5220 quantum
1346 5148 1495 5215 valcamus,
1519 5164 1580 5204 eum
1601 5147 1648 5204 Dei
1676 5149 1810 5221 adjutorio
1829 5149 1935 5208 iabore-

305 5253 425 5318 possent
454 5244 556 5300 ilerum
577 5244 641 5314 attia
660 5246 727 5310 haee,
748 5244 863 5301 diversis
874 5242 1095 5314 occupationibus
1144 5255 1219 5306 mus;
1239 5239 1309 5295 utin
1326 5238 1371 5294 illo
1384 5239 1427 5295 die
1445 5254 1507 5296 cum
1526 5238 1631 5294 siccem
1642 5247 1669 5294 et
1680 5254 1747 5308 pura
1760 5239 1936 5307 conscientia,

308 5337 557 5401 intervenientibus,
578 5336 750 5393 simuledcre
763 5351 816 5392 non
829 5336 920 5406 potui;
940 5336 987 5392 sed
1002 5335 1094 5390 diver·
1145 5331 1245 5386 mundo
1267 5330 1348 5386 corde
1369 5338 1398 5386 et
1419 5339 1494 5386 casto
1517 5343 1639 5399 corpore,
1664 5330 1698 5384 ad
1719 5329 1805 5385 altare
1828 5330 1935 5386 Domini

307 5430 346 5482 sis
363 5427 537 5496 temporibus,
550 5433 631 5495 prout
644 5427 830 5496 opportunitas
842 5426 1002 5491 dictaverat,
1018 5439 1094 5496 sepa·
1145 5422 1279 5492 possimus
1292 5421 1430 5487 accedere,
1444 5428 1471 5476 ct
1488 5435 1585 5491 corpus
1600 5434 1632 5475 ae
1642 5420 1800 5492 sauguinem
1810 5420 1869 5492 eius
1881 5435 1935 5476 non

307 5518 389 5572 ratim
408 5516 507 5587 scripta
522 5516 550 5571 in
566 5515 682 5571 scedulis
695 5515 744 5570 tibi
760 5517 973 5580 transmiseram,
988 5523 1050 5585 peto
1065 5523 1095 5571 ut
1146 5516 1179 5570 ad
1194 5514 1335 5584 judicium,
1357 5513 1404 5568 sod
1421 5513 1455 5567 ad
1473 5510 1621 5567 remedium
1639 5512 1736 5566 animes
1751 5521 1850 5567 nostrae
1865 5511 1933 5567 aeci·

307 5607 398 5664 onrrria
412 5608 440 5661 in
459 5621 540 5661 unum
553 5605 678 5661 volumen
690 5606 848 5677 congregari
857 5604 962 5677 jubeas,
973 5615 1002 5662 et
1015 5607 1095 5663 istam
1145 5620 1221 5677 pere.
1248 5604 1277 5659 in
1293 5603 1394 5659 Christi
1408 5604 1481 5658 cnim
1494 5616 1607 5672 mrpore
1621 5602 1675 5657 vita
1690 5612 1782 5659 nostra
1793 5601 1935 5666 sensistin

307 5696 448 5768 epistolam
473 5696 592 5767 praeponi
607 5714 614 5751 :
630 5704 660 5751 ut
681 5697 768 5752 sciant
791 5696 924 5768 laenas,
945 5697 968 5753 si
993 5697 1094 5768 aliquid
1146 5698 1204 5769 ipse
1218 5694 1347 5752 Dominus
1363 5694 1431 5750 dixit
1447 5711 1453 5748 :
1468 5693 1530 5748 Nisi
1549 5693 1767 5748 manducaberitis
1783 5707 1888 5746 earnem
1904 5690 1939 5761 fi-

307 5787 433 5842 utilitatis
454 5786 482 5842 ia
499 5786 539 5842 eis
552 5786 711 5856 repererint,
728 5802 783 5843 aon
797 5787 850 5843 mei
863 5801 923 5844 esse
937 5788 1019 5844 studii
1032 5788 1093 5844 dili·
1146 5791 1175 5846 iii
1187 5789 1310 5856 hamtab,
1324 5797 1348 5844 et
1361 5788 1475 5843 biberitis
1491 5787 1548 5858 ejas
1560 5787 1722 5858 sartaeiaeat,
1742 5801 1795 5838 noa
1809 5782 1937 5838 babebitis

309 5876 439 5946 gentiani,
451 5875 500 5931 sed
517 5877 600 5931 vestri
619 5877 724 5948 imperii
740 5878 931 5934 obedientiam.
956 5876 1013 5934 liae
1029 5892 1096 5950 quo-
1146 5881 1226 5935 oitum
1238 5881 1266 5935 itt
1279 5881 1349 5935 nabis
1362 5878 1514 5951 (ieamer).
1540 5876 1625 5933 biutet
1637 5891 1702 5949 ergo
1711 5875 1804 5940 vitam,
1817 5873 1864 5945 qui
1877 5871 1938 5929 vult

310 5979 363 6035 que
385 5967 512 6033 maxime,
534 5967 593 6022 viee
612 5959 846 6038 remunerationis,
867 5969 990 6039 obsecro,
1004 5969 1096 6039 Pater,
1147 5970 1247 6026 hahere
1257 5970 1341 6027 vitam
1356 5987 1364 6026 ε
1379 5984 1442 6026 nam
1452 5968 1476 6026 si
1486 5983 1540 6025 non
1554 5974 1640 6024 mutet
1648 5964 1829 6036 peccatricem
1841 5963 1937 6028 vitem,

453 6135 462 6180 ι
489 6057 625 6120 Persou.
647 6059 716 6122 CX.
1682 6061 1697 6120 i

231 6189 504 6449 „aa
