4500 6842
323 786 376 842 tta
640 780 671 837 B.
691 779 819 837 annam
839 778 948 835 bubni
965 774 1123 833 iactabit.
1145 775 1300 833 baubat.
1321 775 1463 834 obnubit
1483 776 1572 832 tans
1589 775 1620 830 ll.
1911 773 1963 829 lib

324 903 383 971 ejus
401 900 472 955 sictut
484 904 568 970 guttai
590 894 729 965 sanguinis
750 892 920 948 decurrentis
943 890 971 945 ln
998 897 1110 953 terram,
1125 890 1229 954 Anna·
1252 889 1298 960 qui
1321 889 1435 945 redimet
1459 889 1565 944 animas
1582 902 1722 943 servorum
1739 898 1889 944 suorumet
1906 903 1961 943 non

324 982 431 1046 u'eritatl
452 987 543 1044 carnis
559 992 704 1053 assumpte
725 982 909 1037 testimonium
925 980 980 1035 dnt.
1000 978 1057 1034 Nec
1074 993 1115 1033 re·
1163 977 1332 1048 derelinquet
1346 993 1441 1034 ornnes
1461 985 1601 1047 sperantes
1621 978 1647 1032 in
1672 992 1701 1033 se
1723 976 1802 1034 lesus
1823 977 1961 1046 Christus,

320 1079 469 1149 picicndnm
496 1075 568 1146 quod
594 1075 621 1127 in
645 1072 697 1127 boc
720 1085 829 1141 quoque
853 1069 965 1141 sanquis
990 1077 1019 1125 et
1042 1083 1113 1138 aqua
1164 1069 1293 1127 Dominus
1307 1078 1401 1124 noster
1413 1068 1461 1138 qui
1477 1083 1541 1124 cum
1558 1068 1639 1123 Patre
1652 1076 1679 1124 et
1693 1067 1796 1138 Spiritu
1808 1078 1904 1125 sancto
1919 1069 1962 1125 vi·

325 1170 508 1229 testimoninm
527 1166 564 1220 illi
585 1164 717 1219 dederuut
739 1161 848 1231 quando
873 1162 907 1218 dc
930 1161 1016 1216 tatere
1037 1176 1112 1216 mor-
1162 1158 1243 1214 nitet
1257 1167 1361 1230 regnat,
1378 1173 1427 1229 per
1440 1159 1641 1215 omniasaecula
1663 1160 1835 1216 saeculorum.
1859 1161 1960 1218 Amen.

324 1258 503 1316 tuiuinaciter
515 1254 690 1318 etiluucruut,
713 1252 785 1324 quod
803 1261 863 1307 erat
876 1261 970 1307 eontra
988 1258 1112 1306 naturam
1429 1272 1567 1328 Hopqfflp
1596 1272 1689 1329 xpm,

325 1351 459 1421 rrrrppris3
483 1355 564 1415 atqie
582 1345 616 1400 ob
629 1343 656 1398 id
671 1343 809 1414 mysteriis
830 1351 923 1412 aptum
943 1351 971 1396 et
991 1340 1113 1395 testimo·
1433 1360 1460 1398 ur
1478 1359 1568 1399 nonan
1592 1359 1686 1400 rnsro.

323 1445 369 1497 nio
397 1439 521 1495 raritatis
544 1435 596 1490 init
619 1449 786 1505 congruum,
812 1431 937 1487 videlicet
961 1431 1113 1485 insinuatur
1214 1434 1308 1490 Lectio
1331 1436 1418 1491 sancti
1439 1435 1577 1507 Evangelii
1593 1438 1741 1493 secundum
1761 1438 1905 1496 loannem.

321 1534 385 1604 qnia
398 1540 426 1586 et
440 1532 526 1601 ipsum
546 1527 653 1583 Domini
677 1540 776 1594 corpus
797 1523 894 1578 melius
912 1531 973 1593 post
998 1530 1113 1577 mortem
1197 1526 1232 1583 ln
1250 1527 1295 1580 illa
1314 1536 1449 1597 tempore,
1467 1544 1526 1581 com
1543 1537 1608 1582 earet
1626 1545 1685 1583 iero
1701 1529 1744 1583 die
1762 1531 1808 1586 iilo
1826 1549 1881 1587 ana
1897 1530 1960 1588 aab

321 1632 394 1680 esset
412 1622 547 1676 uicturum
563 1616 755 1672 resuscitatum
770 1613 797 1667 in
809 1612 907 1683 gloria,
926 1611 1025 1681 etipsa
1039 1625 1113 1665 utots
1163 1617 1300 1681 batorum,
1319 1627 1343 1671 et
1360 1617 1430 1687 sorex
1447 1627 1531 1671 essent
1551 1618 1649 1672 atrata
1669 1620 1713 1673 nbi
1736 1632 1811 1675 erant
1836 1623 1960 1695 discipali

321 1708 577 1769 illiusnoblsvitam
589 1705 711 1762 durtunet.
735 1702 791 1757 lluc
810 1716 917 1771 quoquc
939 1700 1011 1769 quod
1030 1698 1113 1753 sud0r
1163 1708 1311 1778 conpreqan
1328 1717 1433 1777 propter
1451 1716 1548 1760 metuat
1566 1707 1733 1774 iudeorum,
1753 1711 1820 1763 uenit
1836 1710 1915 1767 iesus
1933 1721 1959 1768 et

320 1803 381 1874 ejus
403 1801 489 1855 instar
511 1804 649 1867 guttarum
674 1792 814 1863 sanguinis
838 1788 999 1845 decurrebat
1012 1788 1040 1842 in
1058 1796 1113 1842 ter·
1162 1798 1231 1853 errati
1251 1797 1501 1861 lapicidinarum,
1521 1806 1574 1852 ote.

322 1909 380 1949 ram
403 1889 587 1948 testimonium
609 1883 766 1956 perhibebat
793 1881 832 1936 illi
855 1886 1029 1936 sacrosancto
1054 1892 1112 1949 my·
1197 1884 1266 1954 Quid
1285 1887 1385 1941 mirum
1402 1886 1426 1942 si
1441 1885 1540 1942 clausis
1550 1885 1642 1956 januis
1655 1898 1716 1959 post
1729 1893 1958 1949 resurrectionem

321 1986 415 2049 sterio,
439 1982 511 2054 quod
532 1977 682 2035 Ecclesiam
705 1984 790 2030 totum
804 1989 853 2043 per
868 1973 961 2029 orbem
982 1985 1031 2027 suo
1045 1984 1110 2025 sau·
1163 1978 1278 2032 suumin
1292 1976 1488 2047 aeteruumiam
1502 1978 1623 2034 uicturus
1641 1981 1760 2047 intravit,
1779 1984 1826 2054 qni
1844 1985 1960 2040 moritu·

320 2076 401 2142 gujne
415 2073 527 2127 pararet,
1162 2082 1209 2122 rus
1229 2068 1339 2124 ionicus
1361 2083 1415 2123 non
1438 2078 1531 2139 operto
1553 2079 1630 2126 utero
1652 2072 1765 2144 uirginis
1783 2076 1887 2135 exivit?
1904 2076 1960 2133 Sed

358 2160 562 2219 litltitroxunum
580 2168 652 2215 xant.
676 2155 815 2212 Indiuidua
834 2168 951 2223 namque
970 2153 1029 2208 banc
1050 2166 1110 2206 ma·
1162 2158 1303 2229 quiaillud
1318 2174 1416 2229 eorpus
1438 2159 1510 2229 quod
1533 2160 1618 2216 videri
1637 2170 1744 2233 poterat
1765 2163 1831 2220 lldus
1846 2166 1960 2221 intuen-¹

318 2262 395 2319 neut,
416 2252 537 2322 nihilque
552 2264 675 2307 eoruma
694 2263 743 2304 sua
760 2245 929 2302 connexione
948 2241 1109 2313 sejungitur.
1125 2248 1149 2308 B
1164 2248 1230 2303 tium
1243 2248 1394 2314 dubitabat,
1409 2251 1527 2305 ostendit
1544 2252 1585 2306 eis
1598 2253 1721 2321 protinus
1731 2269 1826 2311 uranus
1837 2264 1864 2311 ct
1875 2256 1956 2325 latus,

319 2348 383 2417 qnia
395 2362 445 2400 nec
457 2344 515 2399 sine
526 2358 589 2397 vcra
602 2340 743 2396 divinitate
754 2338 917 2400 immanitas,
932 2350 982 2389 nec
992 2334 1051 2390 sine
1061 2335 1110 2390 bu·
1162 2339 1322 2411 palpandam
1336 2356 1446 2396 curarem
1465 2340 1581 2411 praebuit
1594 2359 1676 2413 quam
1694 2344 1793 2401 clausis
1804 2346 1897 2417 januis
1911 2349 1955 2402 in·

320 2439 451 2495 trininitate
471 2435 607 2491 divixntas.
621 2432 675 2487 Sed
689 2441 717 2486 et
734 2431 761 2486 in
774 2429 852 2485 uobis
863 2429 921 2483 bauo
938 2442 1021 2482 unum
1035 2437 1107 2492 sunt,
1163 2430 1293 2485 troduxit.
1317 2430 1391 2485 Claui
1411 2432 1483 2486 enim
1505 2447 1601 2488 ananus
1619 2432 1749 2500 dixerant,
1769 2436 1863 2491 lancea
1885 2437 1958 2493 latus

232 2533 233 2537 ’
321 2546 374 2585 nou
386 2537 490 2583 traturae
502 2524 623 2594 ejusdem
638 2522 801 2586 substantia,
817 2521 864 2576 sed
882 2519 1002 2590 ejusdcm
1015 2532 1110 2588 opera·
1162 2529 1322 2589 aperuerat:
1336 2522 1373 2576 ibi
1390 2522 1424 2577 nd
1442 2523 1620 2579 dubitantium
1636 2526 1718 2580 corda
1732 2525 1852 2582 sananda
1864 2528 1959 2585 vulue-

320 2623 392 2676 ²l⁰¹¹e
411 2616 543 2689 mimil-
568 2614 647 2680 N³¹¹b
665 2614 736 2668 ⁵1⁰⁰*
752 2612 849 2666 bessius
872 2609 1033 2665 Asslbfflsitlt
1054 2608 1107 2673 ³5².
1163 2628 1223 2667 tunt
1235 2623 1298 2668 suxit
1315 2623 1422 2668 scrutata
1442 2615 1564 2685 uestigia,
1579 2616 1642 2685 quia
1667 2617 1708 2671 in.
1719 2632 1748 2673 se
1770 2617 1824 2673 duo
1842 2618 1911 2674 mira
1929 2630 1960 2675 et

319 2711 438 2782 *illilus
451 2714 569 2762 messlssffl
582 2711 704 2768 Wlfflin
713 2716 782 2771 a(1¹¹³
797 2699 903 2769 lil'ssfieil
913 2697 948 2753 ad
959 2698 1107 2762 lavacrum,
1159 2705 1236 2775 juxta
1252 2706 1396 2760 humanam
1413 2707 1544 2762 rationem
1558 2707 1609 2764 sibi
1623 2708 1700 2765 valde
1718 2710 1855 2765 cantuaria
1869 2719 1959 2767 osten·

320 2799 430 2870 sibilis
449 2794 600 2867 spectatad
617 2792 744 2864 prelium·
762 2789 964 2859 Sl)iritusenim
989 2801 1039 2842 ¹¹⁰⁸
1060 2799 1109 2856 per
1161 2795 1211 2861 dit,
1227 2796 1290 2850 dum
1302 2804 1363 2866 post
1374 2798 1601 2853 resurrectionem
1617 2813 1715 2869 corpus
1727 2814 1807 2855 suurn
1824 2808 1852 2855 et
1867 2800 1959 2856 incor-
2035 2870 2037 2873 Ι

320 2891 494 2962 adoptionem
511 2886 582 2942 filins
604 2884 651 2942 bei
667 2883 751 2948 lecit,
771 2881 841 2937 sacri
861 2879 944 2934 lontis
965 2877 1037 2933 unda
1060 2892 1109 2932 nos
1162 2885 1288 2956 ruptibtle
1301 2895 1328 2941 et
1342 2894 1430 2942 mmon
1450 2887 1585 2957 palpabile
1606 2890 1810 2945 demonstrauit.
1837 2890 1906 2946 Natu
1927 2901 1957 2949 et

318 2984 414 3048 abluit,
434 2979 545 3051 sanquis
559 2976 666 3033 bomini
679 2989 728 3030 nos
741 2970 865 3027 redemit.
881 2968 1004 3025 niueum
1026 2968 1109 3038 igitur
1161 2977 1297 3048 corrumpi
1312 2993 1424 3034 necesse
1439 2988 1481 3035 est
1497 2980 1568 3050 qnod
1589 2980 1722 3052 palpatur,
1738 2991 1766 3037 et
1777 2981 1882 3052 palpari
1901 2999 1957 3039 nan
2019 2965 2022 2971 ¹

320 3073 464 3138 invisibile,
475 3072 590 3127 alterum
611 3067 717 3125 uisilrile
740 3062 925 3121 testimouium
938 3070 1109 3118 sacramento
1160 3077 1249 3139 potest
1259 3070 1330 3139 quod
1347 3084 1399 3124 nou
1413 3071 1604 3140 cormmpitur.
1633 3071 1687 3127 Sed
1701 3072 1770 3128 miro
1783 3074 1957 3145 modoatqnc

317 3164 492 3235 ‹aliamquitur
513 3158 627 3232 Silili&lli
643 3176 649 3212 ²
1161 3160 1340 3217 inestimabili
1352 3159 1516 3233 Redemptor
1526 3172 1619 3219 noster
1631 3174 1657 3220 et
1671 3164 1875 3237 incorruptibile
1895 3176 1958 3238 post

353 3257 384 3313 Si
402 3254 580 3311 testimoniam
601 3251 735 3306 ltaminum
755 3248 914 3319 accepimns,
932 3244 1108 3300 testimoninm
1161 3250 1386 3305 resurrectionem
1397 3259 1424 3305 et
1436 3251 1568 3321 palpabile
1580 3268 1677 3324 corpus
1688 3254 1822 3321 exhibuit,
1835 3264 1865 3311 ut
1878 3273 1958 3312 mon-

319 3348 365 3402 llei
378 3346 465 3416 majas
479 3353 528 3409 est,
539 3341 663 3415 qnoaimn
677 3340 725 3395 boc
739 3349 776 3394 est
792 3336 968 3393 testimoninm
977 3334 1027 3389 Dei
1038 3334 1109 3406 qaod
1160 3341 1273 3397 strando
1296 3342 1500 3412 incorruptibile
1518 3343 1646 3399 invitaret
1664 3344 1698 3399 ad
1717 3348 1869 3415 practnium,
1886 3363 1958 3417 prn-

318 3437 404 3507 ΜΨ*
423 3444 471 3502 0⁸¹2
486 3435 549 3504 4¹¹5ss
563 3430 717 3500 ⁸⁶⁸¹fffi⁶⁰⁸¹⁸⁸
730 3439 769 3484 ⁶⁸¹
780 3428 813 3483 ‘¹⁶
829 3425 969 3481 F511‘031‘0·
983 3423 1108 3494 Matinum
1159 3431 1248 3488 buado
1267 3432 1399 3503 palpabile
1416 3432 1546 3489 formaret
1567 3434 1601 3488 ad
1622 3434 1712 3490 sidera.
1735 3436 1769 3490 Et
1790 3437 1956 3509 incorrupti-

318 3538 358 3580 ant
373 3523 555 3581 “mummium
570 3520 688 3577 ¹¹⁰¹¹¹i¹¹l⁵
701 3518 773 3589 b⁰⁰¹¹
786 3516 912 3589 Whflffl
922 3516 956 3571 ¹¹0
966 3513 1035 3569 Fffi0
1048 3514 1106 3579 Dei,
1159 3525 1239 3583 bilem
1252 3542 1282 3583 se
1291 3541 1355 3599 erqo
1367 3536 1393 3583 et
1408 3527 1569 3598 palpabilem
1582 3528 1777 3585 demonstrauit
1789 3538 1819 3585 ut
1833 3533 1958 3601 proiecto

314 3620 429 3672 dicens:
446 3612 519 3668 blata
536 3611 666 3666 Dominus
682 3608 794 3664 licutino
812 3618 890 3661 mea:
905 3602 972 3663 sear
982 3621 998 3659 a
1008 3604 1107 3658 dextris
1121 3630 1144 3694 C
1159 3630 1220 3672 esse
1239 3626 1301 3687 Μ
1320 3618 1547 3689 „annectionem
1570 3620 1724 3673 ostenderet
1741 3634 1840 3691 corpus
1863 3637 1955 3685 suum,

316 3707 392 3762 utria
415 3706 449 3760 Et
468 3719 501 3760 ex
522 3718 638 3774 persona
659 3701 732 3756 illius
754 3699 815 3754 litii
829 3717 836 3751 ε
849 3697 976 3753 bantinus
990 3696 1056 3750 atra
1071 3696 1107 3749 ad
1161 3714 1189 3760 01
1202 3705 1324 3775 ejusdem
1339 3714 1443 3762 „atum
1457 3717 1485 3763 ω
1499 3706 1611 3762 aperius
1625 3707 1727 3778 glorpae·

317 3814 359 3852 nte
370 3813 378 3851 :
390 3794 478 3851 Filius
502 3810 576 3848 niens
590 3809 616 3848 ea
635 3802 673 3846 to.
689 3791 811 3860 ltenxquc
828 3803 861 3845 ex
883 3803 997 3860 persona
1020 3786 1109 3843 Patris
1194 3795 1266 3851 pipp
1282 3797 1339 3851 αὶ,-
1352 3794 1412 3852 pap
1425 3796 1507 3851 Μὴ,
1527 3796 1624 3852 paoem
1637 3796 1769 3853 offerebat
1782 3799 1828 3870 qui
1843 3807 1958 3870 propper

319 3887 455 3958 loquentis
477 3886 510 3941 de
532 3884 552 3940 F
555 3884 600 3939 iliu
615 3897 623 3939 t
638 3881 699 3954 lpse
720 3879 847 3936 invocabit
867 3896 917 3944 nae,
937 3876 1019 3933 Pater
1035 3895 1108 3933 mear
1159 3903 1253 3962 paoem
1274 3889 1357 3953 pepp,
1381 3897 1409 3944 02
1431 3890 1530 3960 quibus
1545 3897 1608 3945 „me
1624 3888 1820 3945 mmmm
1837 3892 1956 3964 mimo

317 3999 344 4036 er
358 3991 398 4045 ta,
419 3978 489 4034 lieni
505 3993 589 4042 arear,
616 3985 640 4031 et
659 3983 794 4045 susceptor
818 3972 911 4027 salatia
933 3988 1007 4027 renea.
1029 3970 1109 4025 Pater
1160 3980 1241 4046 Μὴ,
1254 3996 1344 4051 pacem
1358 3997 1442 4035 meam
1459 3981 1493 4034 ,10
1513 3979 1595 4046 ,opp
1611 3981 1690 4036 modo
1708 3983 1773 4038 dien
1788 3980 1848 4038 pax
1863 3985 1956 4040 miv

317 4087 404 4137 naeus,
427 4070 491 4140 quia
514 4083 565 4140 ego
582 4066 666 4123 Filius
681 4065 746 4131 liei;
771 4065 844 4121 nens
866 4078 953 4127 meus,
977 4062 1040 4131 quia
1058 4076 1108 4133 ego
1159 4084 1343 4141 quampaoem
1356 4070 1958 4143 qmsoenoecprpsmnssepjminaverunt

316 4166 412 4229 bonro;
433 4170 574 4232 susceptor
594 4158 690 4215 salutis
717 4172 795 4222 mcc,
822 4156 884 4225 quia
909 4170 959 4227 eqo
976 4166 1107 4224 passurus
1160 4160 1270 4214 muner),

317 4261 473 4309 ⁰1³m⁰f¹0
492 4250 637 4307 ”handus
655 4262 725 4304 ⁵⁰¹⁰·
743 4246 776 4301 5¹
791 4262 848 4318 ⁶9⁰·
864 4243 962 4314 lubun·
982 4244 1108 4313 primii·
1194 4250 1230 4307 Et
1248 4252 1370 4306 draccum
1387 4252 1513 4317 dixisset,
1533 4255 1644 4309 ostendit
1661 4258 1700 4311 eis
1718 4272 1812 4310 manui
1830 4265 1854 4310 et
1872 4256 1955 4313 latria

317 4348 400 4403 'lilim
423 4359 518 4415 imm
546 4340 622 4395 “illm
646 4338 777 4395 ‘mmm
806 4354 860 4407 iim?
887 4336 989 4407 'ebibi‘
1019 4342 1106 4388 lem?-
1160 4340 1249 4397 Gooisi
1266 4352 1327 4396 iniit
1348 4359 1410 4413 erqo
1432 4343 1555 4415 discipuli
1569 4346 1623 4399 oiao
1640 4344 1761 4400 lietuino.
1784 4346 1884 4402 Parum
1903 4347 1957 4403 luit

318 4439 444 4509 bagnum
458 4443 500 4489 cst
515 4435 566 4488 boc
577 4430 760 4487 testimoninm
779 4444 871 4491 verax,
885 4436 912 4482 et
925 4428 997 4481 onmi
1013 4441 1108 4496 accep
1159 4430 1244 4488 oculis
1257 4446 1287 4485 se
1299 4431 1441 4485 videndum
1456 4435 1593 4502 praebere,
1608 4434 1632 4489 si
1649 4449 1703 4489 non
1716 4435 1850 4505 praeberet
1869 4438 1955 4493 etiam

317 4531 391 4584 tione
405 4527 515 4597 dignum
530 4525 583 4578 boc
594 4531 635 4576 est
649 4520 833 4576 testimonium
848 4519 881 4573 de
895 4516 964 4572 Filio
978 4515 1045 4582 bem
1060 4516 1108 4571 sed
1159 4521 1284 4576 manibus
1295 4521 1526 4577 contrectandum.
1552 4521 1603 4590 out
1616 4523 1679 4578 dum
1692 4525 1826 4595 palpanda
1837 4525 1957 4596 discipu-

318 4617 403 4674 ruulto
418 4616 559 4688 magisest
576 4612 760 4667 testimouium
779 4610 838 4675 bei,
860 4610 932 4680 quod
948 4607 1107 4663 testificatus
1159 4612 1193 4668 lis
1205 4627 1268 4668 ossa
1280 4628 1445 4683 carnemque
1455 4623 1655 4683 premonstrat,
1666 4627 1759 4686 aparte
1769 4626 1870 4673 statum
1882 4635 1956 4675 rm

317 4720 359 4769 cst
375 4711 433 4782 ipse
447 4709 481 4764 de
492 4706 562 4762 Filio
573 4719 634 4770 suo,
648 4719 709 4760 cum
732 4702 765 4758 de
787 4700 857 4757 coelo
873 4699 947 4755 illum
967 4699 1107 4769 alloquens
1158 4702 1367 4758 resurrectionis
1380 4718 1440 4772 quae
1453 4703 1481 4758 ln
1494 4718 1524 4759 se
1536 4702 1617 4771 iacta,
1632 4714 1660 4760 et
1673 4707 1700 4760 in
1715 4708 1793 4763 nobis
1806 4717 1849 4764 esa
1863 4708 1956 4766 surum

316 4802 374 4856 ait:
388 4798 427 4854 Ta
446 4814 473 4853 ee
496 4794 520 4849 F
521 4795 584 4850 ilina
606 4809 679 4847 ment
701 4792 827 4857 dilectas,
853 4791 881 4843 in
903 4798 927 4843 te
950 4786 1106 4859 complacuit
1159 4792 1302 4864 significat.
1324 4792 1392 4861 Quia
1410 4809 1462 4848 non
1481 4795 1551 4850 sicut
1564 4794 1712 4867 Eutycbius
1725 4797 1954 4871 Constantinopo-

317 4891 392 4959 qribi.
413 4887 539 4959 bagnum
558 4893 601 4941 est
624 4882 808 4939 testimonium
830 4879 1007 4951 praecursoris
1034 4878 1106 4947 quod
1159 4881 1249 4937 litanae
1263 4882 1338 4937 urbis
1349 4884 1490 4954 episcopus
1500 4885 1618 4957 scripsit,
1633 4896 1754 4942 nostrum
1768 4890 1955 4958 norpnsnuna

316 4980 365 5035 bei
378 4977 447 5033 Filio
456 4976 613 5048 perhibens,
624 4976 681 5030 ait:
696 4971 753 5046 qu
767 4971 897 5044 baptizavi
912 4986 956 5025 noc
970 4985 1049 5039 aqua,
1063 4966 1106 5022 ilie
1119 4990 1147 5049 D
1159 4973 1366 5029 resurrectionis
1377 4974 1462 5045 gloria
1475 4976 1528 5029 erit
1539 4975 1718 5047 impalpabile,
1732 4979 1820 5033 ventis
1835 4993 1956 5049 aereque

317 5084 377 5125 nero
395 5068 536 5139 baptizabit
561 5082 605 5120 aaa
628 5064 729 5135 Spiritu
750 5073 851 5119 sancto.
876 5060 963 5132 liujus
974 5067 1016 5116 est
1031 5058 1107 5115 testi·
1160 5060 1301 5124 subtilius;
1317 5061 1345 5114 in
1360 5061 1406 5115 illa
1421 5061 1493 5117 enixu
1509 5065 1715 5120 resurrectionis
1728 5065 1813 5137 gloria
1827 5068 1881 5121 erit
1894 5083 1957 5123 con

317 5158 438 5218 monium
450 5156 539 5212 Patris
560 5170 613 5225 quo
627 5155 756 5228 Spiritum
775 5164 898 5211 sanctum
912 5154 1027 5219 ineuxn,
1052 5168 1106 5224 quo
1159 5161 1347 5223 pusnostxum
1362 5154 1460 5209 subtile
1478 5155 1586 5224 quidem
1610 5172 1659 5227 per
1679 5157 1805 5213 edoctum
1824 5158 1957 5229 spiritalis
1999 5185 2010 5208 ·

316 5265 425 5321 semper
435 5256 494 5304 erat
505 5247 602 5316 plenus
615 5249 698 5303 etiam
711 5248 853 5303 visibiliter
865 5246 948 5302 misit.
990 5313 999 5325 .
1159 5243 1297 5313 potentia,
1307 5244 1355 5299 scd
1366 5244 1499 5314 palpabile
1512 5262 1560 5315 per
1571 5248 1711 5303 ueritatem
1726 5258 1841 5305 naturae.
1859 5249 1956 5323 Neque

352 5340 406 5407 Qui
422 5338 505 5394 credit
519 5339 547 5393 in
563 5336 663 5392 Filiam
679 5336 728 5392 Dei
742 5334 818 5391 balet
831 5336 1005 5391 testimonium
1015 5336 1065 5391 Dei
1079 5337 1106 5390 in
1161 5332 1225 5388 huic
1248 5334 1391 5389 assertioni
1410 5343 1520 5403 putetur
1542 5336 1654 5406 apostoli
1675 5352 1766 5394 sermo
1790 5352 1954 5411 repugnare,

318 5448 355 5489 sa.
374 5429 426 5499 Qui
444 5430 481 5486 ita
495 5430 583 5485 credit
598 5429 625 5483 in
645 5426 742 5483 Filium
765 5427 822 5490 bei,
846 5435 875 5482 ut
893 5437 1020 5483 exerceat
1042 5443 1107 5498 ope-
1161 5422 1225 5492 quia
1235 5439 1297 5477 caro
1309 5433 1334 5477 et
1346 5426 1453 5494 sanquis
1465 5441 1572 5495 requam
1580 5426 1630 5481 Dei
1641 5443 1692 5482 non
1703 5428 1887 5497 possidebam
1902 5431 1957 5488 boc

316 5520 403 5578 nudo
426 5521 500 5592 quod
520 5519 615 5583 credit,
638 5517 720 5574 babet
743 5518 924 5573 testimonium
944 5518 991 5573 Dei
1019 5519 1046 5573 in
1067 5534 1105 5583 se,
1159 5516 1232 5569 enim
1245 5513 1303 5570 loco
1318 5514 1565 5586 apostatuecarnis
1580 5525 1609 5572 et
1622 5518 1762 5588 sanguinis
1774 5522 1885 5573 nomine
1900 5535 1956 5576 non

317 5614 383 5671 illud
403 5614 508 5683 ulique,
529 5612 592 5683 qttiu
614 5611 672 5682 ipsc
693 5623 801 5679 quoque
820 5609 846 5664 ia
869 5608 985 5665 iliorum
999 5609 1045 5666 bei
1059 5627 1109 5665 nu·
1159 5606 1335 5661 substantiam
1354 5608 1409 5661 scri
1424 5608 1554 5678 corporis,
1568 5608 1615 5663 sed
1635 5610 1837 5679 corruptionem
1852 5620 1958 5666 morta·

316 5705 465 5777 merojure
478 5713 658 5775 computetur,
672 5704 731 5772 ipso
744 5702 825 5758 unico
840 5702 887 5758 liei
902 5702 972 5760 Filia
989 5704 1029 5759 sic
1051 5704 1108 5759 suis
1158 5697 1241 5752 litatis
1264 5698 1414 5770 siguificat,
1441 5699 1511 5755 sieut
1533 5700 1590 5770 ipse
1609 5682 1805 5771 consequenter
1829 5703 1959 5771 exposuit

317 5796 443 5853 bdelibus
457 5794 600 5865 pollicente
615 5811 621 5848 :
637 5792 735 5863 Siquis
747 5792 810 5846 milti
822 5794 1016 5857 ministraverit,
1027 5796 1109 5849 bono·
1160 5790 1253 5845 diceus
1272 5810 1278 5843 :
1300 5790 1391 5861 Neque
1414 5792 1544 5856 canaria
1570 5792 1774 5863 incorruptelam
1798 5793 1955 5863 possidebit.

317 5884 495 5954 riliaabiteaar
506 5881 672 5938 Poterrneas.
692 5882 797 5949 Quodsi
808 5881 854 5938 bei
869 5884 1049 5938 testimouium
1061 5884 1107 5939 ba·
1159 5878 1244 5933 Aliter
1258 5894 1373 5949 namque
1393 5880 1420 5934 in
1436 5880 1577 5951 Scriptura
1599 5899 1676 5939 sacra
1698 5900 1763 5941 caro
1778 5883 1857 5954 juxta
1876 5895 1959 5941 natu·

316 5974 383 6029 bere
398 5974 540 6040 merueris,
554 5974 578 6028 si
592 5972 733 6028 bominum
747 5980 906 6028 tentemus
918 5972 979 6029 lidei
995 5973 1109 6029 intento·
1160 5985 1230 6034 ram,
1248 5970 1326 6026 abtor
1339 5970 1417 6039 juxta
1435 5974 1552 6043 culpam,
1570 5974 1649 6031 aliter
1655 5974 1735 6045 juxta
1749 5979 1958 6049 corruptionem

207 6131 217 6148 .
319 6069 386 6118 rate
397 6060 825 6132 possederli,quidteborninum
839 6060 959 6128 infamia,
983 6072 1030 6119 aut
1046 6078 1108 6133 per-
1159 6060 1342 6126 mortalitatis,
1355 6076 1415 6131 quac
1428 6078 1460 6117 ex
1474 6063 1552 6133 culpa
1562 6066 1683 6135 contigit,
1694 6067 1852 6138 appellatur.
1870 6067 1959 6126 turta

317 6149 576 6209 secubolodetzsi
590 6152 662 6208 enim
676 6151 744 6207 bena
765 6167 813 6222 pro
834 6151 917 6218 nobis,
937 6156 996 6225 qais
1014 6164 1106 6210 contra
1159 6160 1284 6207 naturam
1301 6153 1410 6223 quidern
1429 6167 1491 6209 curn
1509 6152 1612 6210 dictum
1629 6164 1690 6212 est:
1704 6156 1762 6213 lloo
1781 6173 1851 6214 nnnc
1869 6173 1900 6214 or
1922 6173 1959 6216 es
