4500 6842
267 596 335 652 «gn
818 589 973 648 alomenu
990 588 1026 646 m
1044 587 1169 644 evaeo.
1190 588 1233 644 ετ
1254 590 1362 646 uerso
1860 590 1916 652 sto

277 711 425 773 §remmio
437 710 571 781 passionis
583 723 650 764 rrree
664 716 692 762 et
707 707 924 773 resurrectionis,
937 706 1009 776 quod
1025 706 1072 761 de·
1084 709 1108 765 Α
1123 717 1199 757 meres
1220 718 1259 766 es,
1274 704 1346 774 qnod
1362 718 1460 759 nomen
1476 702 1643 760 manifestari
1668 719 1722 760 non
1747 714 1837 775 potest
1858 710 1916 764 sine

279 804 345 861 distl
360 802 428 857 milri
443 809 474 855 ut
486 799 596 855 iaciant.
1126 792 1196 847 illius
1215 793 1276 847 Filii
1297 792 1524 849 manifestatione.
1550 794 1616 848 Nam
1642 809 1706 848 reno
1731 794 1795 849 illud
1820 810 1918 851 nomen

317 895 353 950 Et
365 911 434 948 nuru
446 908 511 947 nero
522 891 640 961 clarifica
653 906 692 944 rae
705 898 744 953 tu,
758 888 846 943 Pater.
860 887 1073 962 Ducendocnim,

280 998 307 1041 te
318 984 463 1055 clarificari
477 992 676 1053 superterram,
692 996 721 1035 se
738 996 753 1034 a
770 978 851 1033 Patre
865 979 935 1049 apud
948 979 1073 1033 eumdem

279 1075 392 1130 Patrem
414 1072 555 1144 postulans
575 1070 793 1134 clarificandum,
822 1071 928 1124 modum
953 1069 1074 1140 prolecto

280 1168 426 1236 utriusque
449 1162 652 1219 clarificationis
676 1160 881 1231 ostendit:ipse
903 1161 1002 1230 quippe
1024 1160 1074 1214 Pa-

281 1267 353 1312 trem
375 1253 537 1311 elarillearit
561 1261 766 1323 superterram,
785 1266 846 1305 errm
864 1251 988 1319 genitibus
1006 1267 1074 1321 pre-

280 1345 419 1410 dicando;
438 1342 521 1398 Pater
540 1356 607 1396 reru
632 1342 719 1411 ipsum
745 1340 815 1409 apud
842 1341 1015 1409 semetipsum
1040 1340 1073 1395 ad

279 1451 361 1493 suam
373 1436 513 1491 dexteram
524 1431 689 1487 collocando.
703 1428 855 1498 Sultjnnxit,
867 1430 985 1485 claritate
995 1448 1073 1502 quma

282 1527 364 1580 helui
384 1524 454 1595 apud
468 1533 492 1577 te
502 1522 653 1593 priusquam
668 1523 780 1573 terradas
793 1520 876 1588 fieret.
891 1519 962 1575 Ordo
976 1507 1073 1576 verbo-

281 1634 346 1674 rum
366 1628 418 1681 est,
439 1630 520 1685 quam
540 1612 621 1668 lrahul
642 1612 712 1682 apud
734 1620 759 1666 te
778 1612 935 1682 priusquam
959 1614 1075 1669 mundus

281 1716 367 1765 esset.
386 1707 415 1762 ln
435 1706 487 1760 lroe
505 1704 574 1759 valet
593 1701 664 1771 quod
683 1700 731 1764 ait,
751 1711 775 1753 et
796 1717 865 1754 nune
886 1701 1003 1770 clarifico
1023 1718 1073 1766 me,

282 1800 338 1854 leuc
349 1805 403 1861 est,
417 1795 488 1849 sicut
503 1801 576 1857 tunc,
595 1793 675 1847 itaet
694 1806 780 1855 nnnc;
802 1791 872 1845 sient
892 1801 955 1845 tune
968 1792 1074 1859 prede·

1124 886 1196 955 quod
1212 886 1283 939 Beue
1300 894 1352 949 est,
1368 885 1433 940 nulli
1454 894 1556 940 naturae
1574 886 1728 941 rationabili
1752 886 1919 957 incognitum

1125 980 1288 1034 omnimodis
1301 995 1360 1034 esse
1376 979 1489 1048 putavit.
1516 978 1578 1033 llxee
1592 990 1631 1034 est
1650 980 1721 1033 enirn
1740 994 1803 1034 tere
1817 981 1859 1034 ris
1875 978 1917 1033 di-

1125 1070 1259 1133 vinitatis,
1281 1077 1310 1122 ut
1333 1078 1466 1123 creaturae
1490 1070 1613 1123 rationali
1638 1085 1689 1122 non
1712 1071 1822 1125 onrnino
1843 1071 1918 1125 inco·

1125 1160 1217 1231 quitus
1236 1162 1322 1230 possit
1343 1162 1483 1224 abscondi,
1505 1163 1624 1231 exceptis
1643 1164 1748 1231 percis,
1774 1165 1918 1233 inquibus

1125 1260 1222 1305 rratrrra
1244 1252 1384 1306 rationalis
1404 1252 1517 1305 nimium
1536 1254 1680 1320 depravata
1696 1262 1745 1306 est.
1771 1252 1918 1323 Propemo-

1125 1340 1189 1395 dum
1204 1356 1299 1419 omnes
1311 1350 1405 1412 gentes
1418 1342 1501 1395 licum
1515 1355 1573 1395 esse
1587 1340 1714 1401 laterum,
1728 1342 1788 1395 lieet
1804 1343 1917 1397 divorsis

1125 1433 1263 1487 erroribus
1298 1448 1390 1486 venum
1420 1434 1503 1486 derum
1537 1448 1684 1501 agnoscere
1724 1434 1914 1503 impellantur.

1124 1522 1201 1589 erod
1214 1539 1280 1578 rere
1294 1524 1320 1578 ln
1334 1524 1450 1579 Psalrnis
1464 1524 1561 1595 legitur
1578 1543 1584 1580 :
1603 1524 1688 1579 Notus
1705 1527 1731 1579 in
1742 1527 1838 1581 iadau
1858 1537 1917 1582 tan·

1126 1606 1277 1679 tum'lieur,
1293 1616 1355 1683 quia
1379 1615 1498 1684 legitimo
1523 1615 1596 1669 cnltn
1620 1620 1809 1672 tantummodo
1832 1619 1916 1674 llerrm

1124 1719 1218 1758 rerum
1248 1716 1428 1775 cognorerunt
1455 1712 1482 1759 et
1510 1706 1658 1759 coluerunt.
1709 1706 1744 1759 m
1772 1724 1917 1763 rernroneat

1124 1805 1198 1849 tuam
1215 1806 1389 1849 seruauerunt.
1403 1794 1481 1849 Nune
1496 1809 1669 1865 coenaverunt
1683 1797 1744 1867 quio
1762 1801 1918 1868 omniaque

283 1889 442 1949 stinatione,
458 1887 495 1941 ita
511 1900 583 1940 nrrne
596 1883 761 1955 perfectione
774 1899 780 1935 :
794 1882 836 1938 lac
851 1882 877 1936 in
892 1880 991 1935 arundo
1003 1883 1074 1953 quod
1125 1884 1219 1939 deduci
1238 1884 1314 1949 milri,
1335 1884 1381 1939 nir
1405 1895 1429 1939 te
1447 1895 1518 1939 runt.
1539 1885 1567 1940 ld
1586 1894 1637 1950 est,
1653 1896 1838 1957 cognoverunt
1852 1886 1918 1956 quia

284 1983 358 2053 apud
380 1990 407 2036 ιε
425 1979 513 2034 luerat
535 1988 597 2031 ante
615 1976 756 2040 mundum,
777 1975 820 2030 lac
840 1975 867 2028 io
887 1988 936 2028 suo
956 1983 1075 2043 ternpore
1126 1975 1175 2029 alre
1198 1982 1225 2029 te
1248 1982 1313 2027 stant
1331 1991 1337 2026 ε
1356 1974 1436 2028 simul
1459 1976 1530 2029 enirn
1544 1974 1625 2030 Pater
1649 1976 1724 2031 dedit
1747 1977 1838 2031 omnia
1854 1992 1916 2031 enm

284 2075 359 2143 qnod
381 2081 444 2127 ante
467 2070 556 2125 omnia
580 2078 699 2138 terrmora
722 2068 851 2123 statuisti.
875 2067 1006 2121 Conuenit
1025 2081 1075 2120 nos
1089 2071 1112 2130 Β
1125 2066 1219 2134 genuit
1238 2081 1300 2119 eum
1323 2065 1368 2134 qui
1389 2065 1502 2120 liaberet
1523 2066 1624 2130 omnia,
1648 2066 1718 2120 sicut
1742 2067 1768 2119 in
1782 2068 1917 2135 priorilms

285 2164 437 2235 intelligere
459 2161 488 2215 in
509 2159 559 2215 lroc
580 2159 640 2214 loco
655 2158 920 2228 praedestinationem
944 2155 1075 2211 claritatis
1126 2154 1207 2223 liujus
1220 2154 1358 2224 Evangelii
1373 2154 1429 2221 ipse
1445 2154 1574 2208 Dominus
1590 2155 1627 2208 ait
1642 2154 1740 2226 :psieut
1755 2157 1822 2208 enim
1836 2153 1918 2210 Pater

286 2256 423 2316 humane,
435 2265 495 2321 quae
508 2250 535 2304 in
550 2249 595 2303 llio
609 2257 659 2310 εει,
677 2256 780 2302 naturae
794 2263 828 2302 ex
842 2246 949 2301 mortali
967 2246 1076 2299 immor·
1124 2244 1201 2297 dotet
1222 2244 1300 2297 eitum
1325 2244 1352 2297 in
1376 2244 1531 2314 semetipso,
1555 2244 1593 2297 aie
1614 2244 1685 2298 dedit
1705 2254 1729 2298 et
1742 2243 1813 2298 Filio
1836 2247 1917 2298 uirum

288 2344 372 2399 talem
396 2341 467 2413 apud
478 2340 588 2395 Patrem
611 2338 721 2403 luturae,
743 2348 771 2392 et
787 2338 839 2393 boc
859 2335 916 2404 iarn
934 2336 1075 2407 predesti-
1124 2336 1219 2389 dooere
1230 2336 1414 2404 inremetipro.
1434 2335 1462 2388 ld
1477 2343 1528 2397 est,
1544 2336 1637 2406 quierit
1652 2335 1749 2390 Filium
1764 2336 1847 2390 vitam
1865 2336 1916 2389 lra-

287 2437 379 2492 usado
401 2434 503 2491 lactum
520 2432 604 2489 luisse
625 2440 768 2500 antequam
790 2431 905 2485 mundus
918 2438 990 2485 esset
1003 2428 1075 2498 qnod
1124 2424 1232 2479 beatem
1248 2426 1273 2479 in
1284 2425 1439 2495 semetipso.
1449 2424 1518 2490 Quia
1526 2426 1601 2480 rerba
1611 2441 1669 2496 quc
1681 2426 1775 2481 dedisti
1781 2427 1846 2479 aridi
1856 2426 1918 2480 dedi

283 2524 431 2581 inmundo
451 2523 533 2579 etiam
552 2537 602 2578 suo
620 2530 740 2590 tempore
762 2519 849 2575 lieret.
861 2518 940 2574 Sicut
952 2518 986 2573 de
998 2518 1076 2575 nobis
1124 2515 1172 2577 eis,
1195 2527 1218 2567 ei
1239 2514 1289 2584 ipsi
1311 2524 1474 2584 occeperunt.
1496 2514 1525 2569 ld
1549 2523 1599 2576 est,
1619 2515 1808 2571 intellexerunt
1835 2526 1919 2586 atque

285 2614 354 2669 dixit
366 2612 529 2684 Apostolus:
547 2610 620 2667 Sicut
633 2609 707 2681 eleqit
722 2609 749 2663 in
766 2609 822 2680 ipro
839 2609 1000 2664 autemuadi
1013 2625 1075 2665 corr-
1123 2610 1279 2659 tenuenmt.
1307 2603 1383 2657 Tunc
1408 2605 1480 2659 enim
1506 2606 1619 2660 verbrrm
1648 2608 1782 2675 accipitur
1808 2608 1917 2675 quando

283 2704 456 2757 stitutzonenr.
879 2768 881 2771 Α
1124 2702 1216 2749 mente
1240 2694 1399 2765 percipitur,
1424 2703 1453 2749 et
1472 2704 1580 2751 tenetur
1600 2711 1633 2750 ne
1654 2697 1788 2753 obliuione
1810 2707 1918 2767 pereat.

321 2790 489 2861 ilanilestaei
511 2801 600 2845 tomen
620 2800 693 2844 tuum
715 2790 882 2855 dominibus,
899 2805 963 2862 qrtor
980 2789 1076 2845 dedisti
1125 2783 1160 2837 El
1182 2795 1368 2854 coenosorum,
1390 2786 1488 2854 inquil,
1501 2803 1558 2841 tete
1574 2788 1635 2856 quia
1654 2804 1670 2840 o
1690 2796 1715 2841 ιε
1727 2788 1806 2850 eaiar‘,
1820 2799 1844 2841 et
1857 2803 1919 2842 cre·

284 2884 352 2936 mitri
366 2883 399 2937 de
410 2882 518 2936 arundo.
544 2882 622 2951 Quod
635 2896 698 2954 erqo
718 2880 838 2936 laturus
853 2891 913 2936 crat
924 2895 974 2949 per
985 2880 1076 2934 docto-
1125 2878 1248 2932 dirlerunt
1268 2878 1331 2947 quin
1353 2887 1381 2930 tu
1402 2895 1442 2932 me
1462 2879 1566 2932 oririrti.
1593 2879 1626 2933 Et
1642 2879 1686 2934 nie
1700 2878 1918 2933 saubaudiendum·

286 2988 331 3028 res
346 2981 455 3030 strictos
470 2973 497 3028 in
510 2982 567 3028 toto
580 2973 645 3028 uriae
659 2981 718 3043 post
732 2972 845 3040 gloriam
866 2970 1075 3026 resurrectionis
1124 2978 1166 3023 est
1183 2984 1259 3031 oere,·
1274 2969 1345 3037 quod
1366 2969 1439 3022 enirn
1457 2970 1533 3032 dixit,
1549 2979 1723 3040 coenaverunt
1740 2986 1808 3034 uere,
1829 2985 1913 3038 expo·

283 3073 313 3117 et
337 3064 504 3119 asceruioais
527 3079 593 3127 sue,
618 3072 646 3116 ει
669 3073 729 3133 post
752 3062 870 3131 Spiritus
897 3062 984 3117 sancti
1006 3062 1074 3115 riona
1126 3073 1189 3112 nere
1212 3057 1296 3111 noluit
1318 3055 1487 3129 arljungendo
1509 3069 1534 3112 et
1553 3059 1728 3113 erediderunt.
1748 3058 1811 3114 'lloc
1825 3060 1915 3129 itaque

280 3169 345 3224 quae
369 3155 395 3208 in
416 3153 561 3224 discipulos
586 3152 672 3207 delata
698 3160 778 3217 sunt,
800 3153 851 3206 hoe
871 3151 949 3221 quasi
973 3149 1074 3205 laeum
1124 3148 1648 3219 eredideruntrerequodcognorerunt
1660 3164 1738 3213 rere3
1753 3149 1779 3204 id
1792 3150 1916 3203 enimest

282 3259 346 3301 esse
363 3245 439 3301 dixit.
454 3244 519 3299 Tale
538 3253 580 3300 est
600 3245 652 3299 lroc
673 3242 751 3313 quale
774 3252 802 3297 et
821 3242 885 3298 illud
903 3241 974 3311 quod
995 3239 1075 3311 paulo
1124 3239 1263 3300 oteexitd,
1275 3239 1346 3307 quod
1364 3246 1415 3301 est,
1431 3248 1460 3292 tu
1477 3256 1518 3292 me
1532 3239 1634 3293 misisti.
1656 3238 1708 3294 Sed
1725 3248 1813 3294 tamen
1829 3240 1916 3295 adlrue

281 3343 349 3391 ante
371 3335 439 3390 dixit
457 3334 543 3405 r‘qu
567 3344 592 3388 te
613 3333 758 3402 clarificari
779 3349 857 3403 reaper
877 3343 983 3387 terrant.
1024 3332 1075 3385 l‘ro
1125 3346 1178 3384 non
1190 3339 1268 3384 errant
1280 3331 1401 3401 discipuli
1413 3333 1480 3387 tales
1492 3332 1639 3401 qualcseos
1654 3333 1827 3389 lrrtnrosesse
1838 3335 1915 3399 dicit,

282 3428 566 3498 temporelnturoet
589 3427 692 3483 illicet
716 3427 760 3482 hie
783 3428 949 3497 praeteritum
970 3420 1108 3496 ponensC
1124 3423 1215 3477 rcrlris
1241 3425 1369 3493 preteriti
1399 3426 1527 3495 temporis
1554 3441 1618 3480 usus
1642 3428 1719 3496 quasi
1748 3426 1802 3497 jarn
1831 3435 1913 3493 esset,

281 3528 401 3589 empus,
415 3518 487 3574 sient
504 3518 550 3587 qni
570 3519 653 3573 sciret
671 3518 891 3586 predestinatum
911 3532 971 3571 esse
994 3526 1023 3570 ru
1046 3518 1072 3572 tt
1124 3513 1301 3580 pronuntians
1323 3513 1416 3583 qrutes
1437 3514 1519 3568 turini
1543 3526 1650 3579 essem,
1675 3527 1786 3586 accepto
1810 3517 1914 3574 mittun

283 3607 373 3673 nem,
388 3616 416 3662 et
434 3607 493 3661 ideo
512 3606 608 3662 fecisse
623 3621 652 3661 se
666 3607 758 3662 dicens
773 3608 843 3678 qnod
858 3614 918 3661 erat
939 3607 997 3661 sine
1017 3606 1071 3662 ulla
1124 3597 1226 3668 Spiritu
1240 3602 1399 3669 saneto‚qui
1411 3616 1466 3664 eos,
1478 3602 1548 3657 sicut
1561 3605 1725 3673 promissum
1738 3614 1790 3669 est,
1804 3605 1914 3661 doceret

280 3698 451 3754 dubitatione
462 3696 591 3752 lacunas.
605 3695 751 3767 Sequitur:
1123 3695 1212 3748 omuiu
1230 3703 1256 3747 ct
1271 3695 1410 3749 irnluccret
1423 3711 1470 3750 eos
1492 3697 1518 3750 ln
1532 3712 1638 3752 omnem
1653 3699 1804 3753 veritatem.
1829 3698 1910 3755 aedit

318 3787 369 3841 Tui
384 3797 460 3842 ‘eruat
479 3798 504 3843 et
523 3787 585 3841 arilei
606 3803 649 3841 eos
669 3787 763 3841 dedisti
771 3803 780 3853 ;
799 3795 823 3840 et
840 3802 983 3841 sennonem
999 3796 1072 3841 tuum
1122 3787 1162 3840 eis
1184 3788 1286 3851 rerlra,
1315 3788 1386 3842 sicut
1410 3789 1497 3853 dixit,
1522 3804 1583 3859 quae
1610 3791 1682 3845 dedit
1709 3792 1733 3844 ei
1749 3793 1838 3855 l‘eter,
1865 3793 1916 3848 sed>

280 3888 458 3933 seruauerant.
483 3878 560 3933 Nune
578 3887 751 3948 roqnuoetunt
766 3878 827 3947 quin
845 3878 932 3931 ontaio
948 3894 1006 3948 quur
1024 3876 1071 3930 de·
1123 3879 1230 3946 quando
1246 3877 1289 3931 illa
1309 3892 1362 3931 uon
1379 3877 1444 3933 loris
1464 3879 1490 3933 ln
1504 3880 1614 3935 auribus
1634 3881 1767 3935 sedimus
1785 3883 1812 3935 io
1826 3882 1916 3937 cordi·

255 3970 346 4040 „disti
363 3970 436 4034 milri,
448 3970 495 4024 alr
507 3978 532 4024 te
550 3979 610 4024 rtrnt
625 3986 634 4023 :
648 3970 710 4040 quio
724 3969 798 4023 rerba
812 3985 870 4040 quo·
882 3967 977 4023 dedisti
996 3968 1070 4034 milri,
1121 3968 1172 4023 lms
1190 3969 1347 4037 spiritaliter
1367 3977 1541 4038 acceperunt.
1560 3970 1636 4024 Tune
1656 3985 1718 4024 rere
1738 3980 1910 4040 acceperunt,

275 4041 344 4112 ‘dedi
361 4059 415 4121 eia,
428 4068 453 4112 et
471 4060 522 4129 ipsi
540 4068 694 4128 urcepnuat
711 4068 733 4112 et
751 4068 926 4129 ceptroueruut
942 4073 998 4113 uere
1009 4059 1071 4129 quia
1121 4058 1185 4128 quia
1204 4067 1268 4112 tunc
1281 4073 1345 4112 rere
1366 4067 1564 4128 cognoverunt3
1587 4074 1650 4113 nere
1670 4067 1760 4113 andern
1780 4075 1916 4129 cognove-

282 4165 298 4200 o
315 4159 340 4203 ιε
354 4150 428 4210 earet,
447 4156 471 4202 et
487 4148 652 4203 erediderunt
668 4149 730 4219 quio
746 4158 775 4201 tu
792 4164 832 4202 nre
852 4149 956 4202 misisti.
978 4150 1071 4216 Quart·
1121 4157 1196 4213 runt,
1212 4149 1275 4219 qnia
1296 4164 1359 4202 vere
1379 4149 1563 4204 crediderunt.
1588 4150 1641 4205 Sed
1665 4152 1723 4206 haec
1746 4153 1827 4208 rerba
1853 4169 1914 4224 qum

280 4254 364 4309 quam
383 4248 410 4294 et
431 4239 488 4295 haec
509 4240 600 4294 omnia
622 4239 656 4295 de
678 4240 804 4295 omnibus
826 4239 924 4295 lntmis
949 4240 1071 4296 lldelilrus
1115 4242 1186 4296 dicit
1207 4239 1292 4294 Filius
1313 4239 1364 4293 sibi
1390 4241 1497 4293 Patrem
1515 4241 1632 4306 redisse,
1656 4243 1679 4296 si
1705 4242 1738 4297 ad
1760 4242 1914 4301 llirinitatls

280 4331 334 4386 diri
350 4339 493 4401 potireruut
504 4328 679 4400 speperlccta
693 4347 752 4385 curn
767 4332 854 4386 adhuc
867 4332 1069 4396 essentiatum,
1121 4333 1251 4385 unitatem
1267 4330 1422 4401 intelligitur
1436 4332 1583 4400 pertinere,
1595 4348 1629 4387 eo
1644 4334 1723 4387 modo
1738 4334 1812 4389 dedit
1828 4337 1910 4392 veroa

282 4434 373 4477 tauma
387 4430 415 4476 et
434 4423 492 4477 ltree
509 4422 660 4493 specialiter
673 4422 707 4477 de
721 4422 860 4492 discipulis
878 4423 930 4477 dici
949 4432 1068 4492 possiunt,
1120 4420 1201 4475 Pater
1215 4421 1291 4485 Filio,
1310 4436 1363 4489 quo
1376 4419 1469 4491 gerrrrit
1485 4420 1600 4475 Veri-‚um
1622 4432 1782 4476 coeterorum
1805 4423 1873 4489 sibi;
1889 4424 1912 4479 si

282 4513 316 4566 ad
334 4527 402 4582 qnos
422 4522 486 4568 tunc
505 4512 712 4583 presentialiter
735 4512 905 4583 loquebatur.
924 4512 991 4581 Quia
1005 4512 1070 4568 illud
1121 4528 1187 4567 vero
1211 4514 1245 4567 ad
1267 4513 1462 4567 nrrrnanitatem
1482 4514 1603 4581 respicit,
1621 4515 1683 4583 quis
1702 4515 1825 4586 intelligit
1846 4530 1914 4586 qur·

279 4602 354 4672 quod
366 4604 503 4672 sequitur:

317 4690 384 4744 Germ
407 4708 489 4746 essem
512 4708 570 4746 carm
590 4693 639 4757 eis,
657 4709 703 4763 epu
714 4694 853 4748 ‘tertullum
869 4710 912 4748 eor
926 4694 953 4747 ia
967 4692 1070 4746 nornine

282 4792 337 4834 tuo.
362 4780 434 4845 Quor
449 4780 543 4836 dedisti
563 4783 637 4847 milri,
656 4782 805 4847 *ennodium
833 4792 856 4836 et
879 4797 953 4835 tiemo
976 4796 1008 4834 ex
1030 4765 1108 4835 utel)

279 4871 357 4939 periit
380 4871 432 4925 uisi
445 4870 517 4940 filius
540 4873 702 4940 perditionis.
726 4871 822 4927 ludam
841 4872 1007 4944 significans,
1023 4873 1070 4941 qui

281 4960 392 5015 tradidit
404 4976 477 5024 eunt,
492 4960 537 5030 qui
553 4977 623 5017 tturts
636 4961 685 5016 luit
699 4962 732 5018 de
745 4963 895 5024 rluodecim,
910 4960 997 5030 magis
1007 4961 1071 5017 lmic

277 5053 372 5108 senem
387 5054 524 5116 ronrenit,
539 5061 568 5107 ut
585 5053 713 5122 apostulis
732 5053 886 5123 specialiter
900 5054 957 5107 lraea
978 5050 1071 5123 loque·

282 5152 365 5198 retur.
380 5143 481 5199 uelem
493 5142 644 5215 strbjungit:

316 5235 396 5289 Nune
408 5243 495 5288 auteur
507 5234 541 5289 ad
554 5243 579 5289 te
591 5236 672 5290 uenio
686 5233 752 5290 Cum
767 5234 937 5291 manilestum
952 5244 995 5291 est
1007 5248 1069 5290 eum

279 5321 313 5376 de
326 5322 461 5393 corporali
477 5338 525 5379 sua
537 5322 639 5380 dixisse
653 5325 807 5395 praesentia
828 5341 887 5380 cunr
908 5340 989 5379 suern
1009 5340 1069 5379 cum

279 5414 679 5487 &cornuumaueniens
689 5416 746 5486 iam
758 5431 819 5471 euru
831 5415 871 5471 eis
882 5431 914 5471 ea
927 5416 1069 5486 presentia

279 5520 335 5561 aea
347 5513 429 5571 esset,
443 5518 476 5561 eo
486 5504 568 5562 modo
582 5505 654 5560 otim
669 5506 824 5577 significare
836 5504 921 5561 soluit
933 5504 1070 5559 ascensio-

280 5610 344 5651 ueru
358 5609 421 5652 mox
441 5593 572 5659 summm,
586 5594 620 5650 da
631 5610 686 5664 qua
697 5595 763 5650 dicit
774 5609 782 5649 ι
795 5593 876 5651 Nune
890 5604 978 5649 uatem
993 5593 1029 5647 od
1043 5602 1068 5647 te

280 5686 366 5740 renio.
385 5683 476 5740 iturus
489 5686 583 5755 utique
600 5686 635 5740 ad
649 5685 789 5740 dexterum
803 5684 903 5749 Patris,
919 5684 990 5739 unde
1004 5698 1068 5739 ren-

283 5782 359 5830 torus
374 5784 417 5830 ost
433 5778 468 5831 ad
484 5777 561 5831 rinos
577 5784 605 5832 ot
623 5784 744 5832 mortuos
759 5775 929 5843 judicandos.
953 5774 1069 5844 Menisc-

280 5864 349 5920 staai
364 5880 456 5920 mutere
472 5875 545 5918 tueor
557 5864 716 5931 demittitur,
730 5882 794 5936 quoa
808 5865 903 5921 dodim
918 5866 992 5920 milti.
1011 5864 1069 5920 Non

283 5956 347 6009 illud
365 5970 461 6010 umrren
474 5970 528 6026 quo
542 5955 610 6011 lietu
619 5971 661 6021 es,
674 5958 721 6011 sed
737 5957 800 6012 illud
815 5971 910 6012 nomen
923 5971 978 6026 quo
989 5956 1071 6012 Pater

1118 4604 1203 4658 modo
1217 4603 1345 4669 dedisset,
1361 4603 1404 4658 rel
1426 4605 1561 4673 quomodo
1585 4605 1734 4672 accepisset
1746 4605 1817 4661 Deus
1831 4607 1912 4662 lromo

1120 4692 1209 4748 laetias
1231 4708 1265 4748 es
1289 4693 1406 4764 Virgine,
1433 4694 1540 4762 quando
1566 4694 1648 4747 etiam
1676 4694 1770 4763 ipsam,
1796 4710 1856 4765 qnae
1877 4694 1912 4751 de

1124 4785 1232 4856 Virgine
1261 4784 1332 4838 lacta
1355 4792 1414 4849 est,
1444 4784 1645 4854 generationem
1669 4784 1730 4854 quis
1754 4786 1912 4841 enarralrltl

1122 4873 1268 4943 Sequitur:

1157 4966 1213 5036 qu
1235 4982 1282 5036 pro
1304 4966 1341 5018 eir
1362 4981 1441 5034 roqo,
1465 4980 1516 5017 non
1535 4981 1583 5034 pro
1601 4965 1710 5030 mundo,
1734 4968 1779 5020 sed
1801 4984 1848 5038 pro
1869 4971 1910 5025 lrie

1120 5071 1185 5126 quor
1199 5053 1294 5108 dedisti
1307 5054 1381 5108 milri.
1407 5054 1470 5110 llaec
1495 5055 1567 5109 enirn
1591 5055 1659 5111 dixit
1682 5058 1753 5112 inter
1766 5058 1829 5126 alia,
1846 5062 1911 5117 dum

1121 5154 1214 5201 oraret
1235 5161 1285 5215 pro
1308 5144 1349 5200 eis
1371 5160 1440 5216 quos
1461 5146 1535 5201 dedit
1552 5147 1576 5201 ei
1590 5146 1681 5202 Pater.
1708 5147 1835 5204 llundum
1853 5149 1911 5206 nult

1121 5235 1203 5291 modo
1222 5234 1344 5306 intelligi,
1363 5235 1409 5305 qui
1430 5236 1524 5290 rirunt
1545 5238 1692 5292 meandum
1716 5240 1910 5309 eoncupiscen-

1122 5325 1187 5379 tiam
1201 5325 1303 5388 muudi,
1314 5333 1343 5379 ει
1357 5341 1410 5380 non
1424 5334 1487 5380 suut
1499 5326 1526 5380 in
1539 5340 1569 5381 ea
1586 5326 1653 5382 lorte
1665 5331 1762 5398 gratia,
1776 5339 1806 5384 ut
1819 5330 1853 5385 ab
1865 5329 1914 5387 illo

1121 5417 1256 5486 eligantur
1273 5432 1306 5471 ex
1322 5419 1430 5473 muntia.
1462 5418 1520 5474 lion
1547 5422 1636 5491 itaque
1659 5438 1708 5491 pro
1727 5424 1837 5487 utendo,
1863 5424 1911 5482 sed

1121 5523 1171 5577 pro
1192 5508 1233 5562 eis
1252 5508 1412 5579 quosPater
1437 5511 1509 5566 dedit
1532 5528 1627 5584 rogare
1651 5514 1769 5569 sedicit.
1795 5513 1911 5572 Peritos

1119 5597 1192 5652 enim
1206 5599 1277 5669 quod
1299 5613 1346 5653 eos
1369 5599 1407 5653 illi
1420 5599 1501 5655 Pater
1521 5598 1579 5670 jam
1604 5603 1688 5667 dedit,
1708 5604 1806 5659 laetum
1822 5613 1864 5660 est
1879 5612 1912 5661 at

1119 5703 1173 5741 non
1186 5688 1338 5756 pertineant
1352 5689 1385 5742 ad
1399 5705 1460 5745 eum
1479 5692 1607 5746 mun-lum
1622 5709 1672 5763 pro
1685 5710 1738 5764 quo
1753 5709 1805 5748 non
1819 5700 1909 5762 rogat.

1122 5781 1224 5835 Deinde
1245 5780 1392 5851 subiungit,
1404 5784 1466 5853 quia
1478 5785 1517 5838 tui
1539 5795 1609 5837 rrrrrt.
1634 5783 1727 5854 Neque
1751 5785 1824 5844 enim
1844 5783 1911 5853 epila

1120 5871 1202 5927 Pater
1215 5888 1262 5928 eos
1280 5873 1348 5927 Filio
1363 5874 1443 5937 dedit,
1462 5875 1553 5929 amisit
1576 5877 1632 5946 ipse
1651 5892 1719 5946 quos
1743 5876 1824 5938 dedit,
1845 5888 1913 5931 cum

1122 5960 1210 6014 adlrue
1222 5959 1304 6015 Filius
1332 5970 1461 6030 sequatur
1483 5978 1516 6017 ac
1537 5964 1610 6019 dieat
1622 5979 1629 6018 :
1641 5964 1675 6018 Et
1692 5979 1748 6018 mee
1761 5963 1849 6018 omnia
1863 5970 1914 6019 teu
