4500 6842
196 669 198 674 '
305 663 374 724 loss
623 666 654 721 B.
674 662 800 720 tabant
819 658 930 716 ulula
948 656 1108 715 tacerel).
1130 655 1288 714 MOGUNT.
1306 653 1450 712 otendit
1466 652 1556 711 eatis
1574 651 1606 709 lt.
1872 653 1941 712 luet

304 781 372 852 ejus,
384 782 443 837 sine
458 781 608 836 cessatione
626 786 654 833 et
670 778 772 847 absque
792 775 846 831 ullo
860 773 977 829 termino
994 772 1090 827 laetan·
1104 771 1201 837 Asine
1221 769 1441 826 testonenostrae
1456 768 1631 823 beatitudinis
1650 770 1875 825 recordabimur.
1890 767 1947 826 Ple-

305 868 462 939 tarquiniis
483 869 528 932 sit,
545 866 686 921 Psaltnista
710 864 828 935 explicat
850 863 966 918 dicens:
983 880 993 914 t
1015 858 1092 915 Beati
1146 875 1259 929 rumque
1280 859 1353 914 eninr
1378 857 1703 930 incolumitatistempcre
1728 859 1764 914 atl
1783 861 1969 916 memoriam,

306 960 351 1029 qui
365 959 486 1014 habitant
498 959 524 1012 in
535 956 615 1012 durno
627 956 848 1021 tna,Domine,in
862 952 991 1009 saeculnm
1002 952 1094 1008 saeculi
1145 951 1253 1008 dolores
1271 950 1422 1021 preteritas
1448 949 1507 1005 sinc
1526 949 1620 1005 dolore
1641 948 1819 1015 reducimus,
1849 959 1879 1005 et
1890 966 1940 1022 quc

306 1051 452 1105 laudabunt
463 1048 583 1121 tc(l’sct.
596 1048 830 1121 ιιιιιιι);ιιιιιιιι
846 1047 869 1101 si
883 1048 977 1101 beatus
990 1045 1034 1100 bic
1046 1044 1095 1098 ba·
1145 1057 1231 1112 aegros
1258 1039 1424 1103 recolimus,
1452 1053 1486 1094 eo
1519 1054 1569 1095 uos
1599 1038 1754 1094 incolumes
1777 1040 1844 1108 plus
1875 1056 1945 1095 ama

306 1139 441 1195 beturcni
457 1138 609 1208 adtempus
623 1137 714 1192 omnia
736 1135 855 1191 secunda
869 1134 1026 1204 procedunt,
1045 1146 1096 1187 nec
1146 1149 1214 1188 mus.
1249 1130 1296 1188 Sic
1315 1146 1381 1203 erqo
1407 1131 1460 1185 erit
1486 1140 1514 1186 et
1543 1132 1571 1186 in
1592 1131 1637 1186 illa
1655 1132 1832 1187 beatitudine
1863 1132 1944 1202 culpe

305 1229 395 1299 alique
405 1229 568 1283 adversitate
580 1229 744 1292 concutitur,
757 1226 821 1295 qnid
832 1226 865 1281 de
875 1226 919 1280 illa
930 1224 1096 1280 beatitudine
1146 1223 1286 1287 memoria,
1300 1237 1354 1276 non
1371 1235 1432 1291 quae
1448 1228 1540 1276 mente
1562 1220 1672 1290 polluat,
1687 1222 1739 1277 sctl
1762 1236 1828 1291 quae
1848 1220 1943 1277 laetide

305 1319 467 1384 sentiemus,
482 1319 526 1374 eui
542 1334 592 1374 nec
614 1320 641 1373 in
665 1318 794 1388 qualitate
815 1332 866 1373 nec
885 1317 911 1371 in
927 1315 1097 1387 perennitate
1147 1313 1248 1366 arctius
1272 1311 1415 1381 astringat,
1436 1317 1467 1365 ut
1495 1310 1560 1365 duur
1579 1309 1679 1366 doloris
1700 1310 1745 1365 stri
1765 1291 1942 1368 aninussine

305 1408 452 1478 quidquam
467 1410 554 1465 simile
570 1411 719 1482 reperitur?
743 1410 798 1465 Sed
812 1411 874 1479 quia
892 1408 1017 1464 humanis
1036 1423 1097 1462 rer·
1148 1401 1239 1458 dolore
1252 1402 1445 1466 reminiscitur,
1457 1402 1519 1457 inde
1531 1416 1561 1458 se
1574 1403 1608 1458 ad
1620 1402 1729 1472 gratias
1748 1403 1885 1474 agendas,
1898 1403 1941 1461 dr·

307 1500 348 1554 bis
370 1501 423 1554 hnc
447 1501 547 1554 bunum
572 1516 625 1555 non
640 1510 728 1572 potest
752 1501 890 1571 explicari,
913 1509 1003 1554 tamen
1026 1498 1098 1554 node
1147 1496 1264 1551 bitnrenr
1280 1495 1339 1550 lieri
1351 1510 1401 1550 suc
1412 1495 1518 1551 medico
1536 1496 1628 1551 verius
1649 1494 1782 1561 fateatur,
1802 1504 1878 1551 uteo
1891 1510 1941 1549 uta·

306 1590 447 1660 proveniat
461 1606 514 1644 non
527 1592 713 1656 tacetur,dicit
725 1593 797 1648 eninr
811 1590 1009 1647 :abundabunt
1021 1600 1046 1645 te
1061 1608 1068 1641 ε
1085 1609 1095 1642 ι
1148 1589 1190 1661 gis
1200 1595 1338 1658 acceptam
1352 1587 1468 1642 salntem
1488 1586 1593 1657 diligat,
1616 1601 1670 1656 quc
1686 1586 1723 1642 de
1744 1585 1874 1641 molestia
1894 1601 1942 1641 ne

307 1683 371 1738 lude
385 1691 426 1738 est
450 1685 548 1755 quippe
572 1685 617 1739 illa
640 1686 779 1742 beatitudo
792 1687 941 1752 mirabilis,
964 1700 1045 1756 quarn
1068 1693 1099 1739 nt
1149 1679 1228 1733 minin
1249 1678 1315 1746 quid
1331 1677 1429 1732 evasit.
1443 1677 1472 1731 ln
1490 1685 1700 1747 aeternumerqo
1712 1675 1827 1731 laudem
1841 1677 1941 1732 miseri-

306 1780 434 1826 aetcrnam
447 1773 618 1842 intelligeres,
630 1774 743 1843 subjecit
757 1794 783 1830 :r
798 1774 826 1830 ln
842 1774 1096 1830 saecnlumsaeeuli.r
1149 1772 1247 1826 cnrdise
1265 1769 1403 1841 largitoris
1422 1769 1510 1825 nostri
1535 1767 1692 1833 referimus,
1715 1776 1745 1825 et
1772 1783 1942 1838 nequaquan

308 1859 361 1915 Sed
376 1861 464 1930 qualis
477 1876 543 1932 rogo
560 1862 632 1918 illius
647 1864 738 1919 saecoli
754 1873 869 1919 uentura
883 1864 976 1918 laetitia
991 1872 1043 1928 est,
1054 1861 1100 1918 ulti
1150 1861 1267 1916 nrisertae
1279 1860 1444 1916 conscientia
1458 1873 1622 1931 gravamur:
1638 1858 1708 1927 quia
1726 1858 1795 1913 dum
1812 1857 1884 1911 mala
1900 1872 1943 1912 oo-

307 1950 417 2006 dabitnr
431 1953 540 2023 copiose
554 1955 683 2025 gaudere,
704 1965 731 2010 et
752 1970 891 2026 nunqnam
910 1956 945 2010 ab
966 1970 999 2010 ea
1021 1969 1101 2026 posse
1150 1960 1207 2006 stra
1221 1951 1280 2006 sine
1299 1950 1390 2019 aliquo
1409 1950 1509 2005 ruentis
1529 1947 1600 2003 malo
1623 1947 1811 2018 respicimns;
1837 1955 1867 2003 et
1883 1964 1942 2002 ιιιιι-

307 2043 464 2097 discederet
480 2043 564 2099 illecti
581 2059 647 2117 ergo
670 2060 774 2111 ornnes,
791 2046 886 2101 laudes
906 2054 932 2101 et
947 2046 1101 2102 misericor·
1151 2058 1232 2112 qnam
1262 2043 1324 2105 crit,
1350 2041 1422 2111 qnod
1439 2040 1523 2095 corda
1543 2038 1717 2095 laudantium
1739 2037 1776 2091 de
1806 2039 1943 2093 transaeis

306 2130 365 2185 dias
380 2130 486 2186 Domini
501 2132 585 2189 libere
597 2135 625 2189 in
642 2139 795 2191 aeternitate
807 2138 965 2203 cantabunt,
980 2135 1026 2191 ubi
1044 2136 1100 2208 jatn
1115 2152 1139 2212 B
1154 2131 1341 2201 iniquitatibus
1356 2130 1469 2201 polluat,
1484 2137 1512 2184 et
1530 2143 1638 2199 semper
1655 2129 1723 2194 erit,
1742 2129 1821 2197 quod
1842 2130 1898 2183 baec
1914 2129 1942 2184 ad

306 2219 340 2274 dc
354 2222 457 2290 peccati
470 2224 549 2278 venia
565 2225 687 2280 dubietas
700 2242 754 2281 non
766 2228 827 2292 erit,
843 2229 889 2283 nbi
906 2227 964 2297 jana
975 2242 1100 2283 securam
1152 2222 1259 2277 landem
1282 2220 1435 2276 liberatoris
1461 2219 1601 2275 accendat.
1628 2217 1701 2274 ilinc
1717 2233 1834 2289 quoque
1854 2217 1942 2273 Paulus

303 2318 425 2391 putentem
440 2313 525 2384 cnlpse
548 2331 604 2370 suc
619 2320 751 2373 memoria
774 2335 827 2375 uon
855 2320 965 2387 addicit,
981 2320 1027 2374 ubi
1047 2332 1100 2374 non
1151 2312 1290 2384 apostolos
1305 2312 1525 2383 Philippensibus
1539 2312 1578 2367 ait
1599 2330 1606 2364 :
1631 2310 1760 2367 ‹Nostru
1780 2312 1943 2366 mnrersatta

306 2402 357 2457 sub
372 2409 448 2457 reatu
468 2404 575 2460 animus
590 2407 717 2476 trepidat,
741 2409 789 2463 sed
803 2408 862 2478 ejus
886 2409 1050 2479 indulgentia
1070 2407 1102 2462 li·
1152 2404 1179 2458 in
1199 2403 1277 2459 eoelis
1299 2412 1360 2459 est:
1376 2404 1447 2459 unde
1461 2404 1543 2458 etiam
1563 2401 1737 2457 salvatorem
1758 2412 1942 2471 exspectamus

305 2488 355 2543 ber
367 2488 495 2574 exsultat.
512 2490 579 2546 Nam
594 2493 617 2546 si
638 2492 665 2547 in
684 2494 728 2549 illa
743 2504 843 2550 :eterna
859 2496 913 2550 vita
928 2496 1010 2551 homo
1027 2495 1101 2551 nulla
1151 2497 1242 2553 lesum
1258 2495 1406 2561 Christum,
1422 2495 1469 2566 qni
1494 2493 1652 2549 reformavit
1672 2508 1779 2563 corpus
1791 2493 1942 2547 humilitatis

306 2577 411 2646 peccati
434 2578 563 2633 memoria
589 2583 720 2653 tangitur,
734 2589 858 2654 ereptum
874 2600 903 2639 se
918 2584 988 2639 unde
1010 2592 1102 2655 gratn-
1152 2596 1261 2650 nostre,
1276 2585 1472 2655 configuratum
1486 2583 1594 2653 corpori
1606 2581 1749 2637 claritatis
1764 2597 1825 2637 suae
1842 2579 1940 2656 (Philip

305 2663 397 2717 laturi
411 2671 458 2717 ant
472 2668 608 2733 quomodo
620 2666 742 2739 largitori
754 2671 858 2741 gratias
874 2670 958 2726 relert
975 2671 1009 2726 de
1022 2673 1101 2728 venia
1152 2676 1206 2747 ιιι).
1221 2693 1230 2727 ι
1245 2675 1332 2730 Erunt
1350 2675 1422 2730 enim
1439 2682 1503 2729 tuuc
1515 2673 1668 2729 electomur
1687 2672 1942 2743 corporaclaritate

305 2768 387 2824 quarn
402 2754 517 2822 accepit,
533 2756 555 2810 si
580 2756 780 2816 interveniente
800 2763 937 2819 oblivione
958 2771 1102 2819 transactor
1152 2764 1420 2834 Dominicicorpuris
1444 2764 1628 2833 configurata
1645 2777 1711 2832 quae
1740 2762 1797 2818 etsi
1818 2759 1943 2832 equda

306 2843 435 2913 nequitiae
447 2855 508 2899 esse
521 2859 551 2900 sc
565 2861 652 2916 poenae
666 2849 818 2907 debitorem
830 2853 929 2918 nescit,
942 2862 970 2908 ct
984 2853 1007 2907 si
1019 2852 1101 2909 raise-
1153 2861 1209 2909 tem
1228 2851 1322 2923 gloriae
1339 2850 1398 2920 cius
1412 2866 1466 2906 non
1488 2851 1588 2906 babent
1604 2864 1656 2920 per
1677 2857 1830 2915 naturam,
1859 2848 1942 2905 situffi·

306 2933 355 2989 rire
371 2940 515 2988 trausaetse
529 2949 582 2989 non
602 2939 738 3006 meminit,
762 2941 834 2996 uude
847 2956 898 3012 pro
912 2941 1038 3013 largitate
1050 2941 1101 2998 mi·
1154 2944 1275 3000 tudinem
1296 2952 1386 2999 tamen
1402 2941 1623 3013 configurationis
1636 2941 1744 2997 babent
1765 2956 1817 3011 per
1827 2940 1941 3011 gutiam

306 3023 461 3080 sericordiae
485 3025 578 3082 laudes
605 3029 720 3093 redditi
748 3027 930 3102 Quaerendum
957 3048 1022 3106 ergo
1049 3043 1102 3101 est,
1154 3033 1222 3103 Quia
1244 3034 1336 3104 itaque
1357 3031 1576 3102 similitudoejus
1599 3031 1666 3085 ritae
1693 3045 1770 3086 nuuc
1786 3031 1815 3086 in
1832 3030 1943 3086 nantes

305 3119 441 3185 quomodo
461 3120 608 3177 electorum
622 3136 701 3178 meus
718 3123 840 3194 periente
860 3138 921 3180 esse
941 3124 970 3179 in
985 3124 1103 3180 beatitu-
1154 3125 1272 3181 trahitur
1285 3125 1442 3189 electorum,
1465 3132 1530 3178 tune
1550 3122 1579 3177 in
1601 3121 1815 3178 resurrectione
1831 3119 1942 3190 seqnitur

305 3204 369 3263 tlitte
387 3210 487 3279 possit,
504 3214 527 3267 si
542 3213 613 3269 banc
628 3213 701 3269 inter
712 3216 810 3286 gaudia
831 3216 963 3271 memoria
982 3216 1025 3272 sui
1036 3230 1100 3271 rea·
1155 3215 1303 3271 similitudo
1315 3214 1476 3270 :eternitatis
1496 3213 1524 3268 in
1547 3221 1661 3279 mente,
1676 3212 1835 3283 quoniam«
1853 3209 1943 3266 ridebi-

307 3306 351 3354 tos
377 3302 479 3373 mugit?
504 3311 551 3359 aut
571 3305 707 3374 quomodo
733 3305 860 3376 perlectae
886 3306 953 3361 lucis
978 3306 1106 3363 clarescit
1155 3321 1287 3362 moseum
1301 3305 1381 3361 sicuti
1400 3313 1441 3361 est
1460 3304 1487 3375 (l
1498 3304 1579 3360 loun.
1592 3303 1648 3374 nr),
1668 3323 1678 3357 ι
1701 3312 1731 3359 et
1738 3304 1820 3373 juxta
1832 3301 1940 3371 Propbe·

305 3387 406 3459 gloria,
430 3407 513 3462 qnam
528 3394 638 3451 reducta
661 3397 696 3451 ab
723 3397 814 3452 animo
836 3397 982 3453 obumbrat
1007 3397 1104 3469 culpa?
1156 3403 1210 3450 tarn
1224 3414 1230 3449 :
1245 3413 1254 3446 t
1268 3394 1480 3464 adimplebimur
1490 3394 1583 3449 laetitia
1594 3408 1660 3449 cum
1673 3395 1753 3449 vultu
1766 3410 1828 3459 suu,
1839 3392 1941 3449 ddecta

305 3477 361 3534 Sed
386 3477 525 3539 sciendum
554 3494 605 3550 est,
627 3486 691 3556 quia
715 3486 785 3542 sicut
804 3502 875 3558 sepe
887 3502 959 3543 nuuc
984 3487 1104 3542 tristium
1117 3497 1141 3561 c
1156 3488 1297 3557 tionesque
1309 3494 1498 3543 nostraeemut
1510 3486 1537 3540 iu
1557 3486 1676 3541 dextera
1687 3483 1748 3554 ejus
1767 3499 1855 3555 nsque
1872 3479 1940 3538 ini

305 3567 362 3627 laeti
396 3573 616 3643 reminiscimur,
642 3578 680 3632 ita
700 3567 772 3635 rt'r'rnc
800 3587 944 3636 transactae
972 3580 1101 3650 nequitias
1154 3593 1217 3634 uem
1234 3578 1417 3649 (Prol.xv).r

309 3724 1938 3768 ============================================================================

515 3865 517 3869 ’
608 3890 896 4008 annua
933 3897 1309 4010 anunm
1343 3894 1654 4011 rreum

670 4105 865 4164 rotoeosts
882 4106 1031 4166 tuearis
1048 4108 1093 4164 ET
1111 4108 1303 4167 denuntiat
1319 4109 1579 4169 ARCHlEPISCOPl

982 4286 1024 4327 ΔΙ)
1046 4287 1248 4331 noueenrutt

551 4419 709 4493 Quota
734 4422 1067 4505 assentatorie
1098 4427 1294 4491 Ltctrott
1319 4429 1392 4491 stt
1420 4427 1697 4491 cortrtoetttrt

918 4591 1098 4650 uersanti.
1119 4593 1223 4665 (anno
1242 4596 1319 4668 ste.)

1005 4755 1224 4781 l—1-——u-

339 4844 454 4902 Domino
464 4856 528 4899 rere
538 4849 632 4897 sancto
643 4855 675 4898 ac
687 4841 844 4898 beatissimo
854 4840 929 4897 Patri
941 4840 1091 4902 dunarum
1105 4849 1131 4909 Ι)
1145 4848 1248 4903 ritatem
1267 4846 1379 4919 negotii,
1397 4848 1518 4904 breviter
1532 4848 1661 4917 respondi
1675 4867 1683 4904 z
1703 4853 1783 4921 quod
1797 4861 1872 4910 tanta
1886 4866 1931 4919 us,

303 4936 390 5008 qratia
407 4935 455 4989 Dei
475 4934 611 5005 episcopo,
631 4932 767 5000 Rtatnos,
785 4932 934 4990 vilissimus
954 4948 1096 4991 servorum
1149 4945 1177 4992 et
1190 4938 1305 5008 spatium
1325 4936 1464 5008 temporis,
1481 4946 1510 4992 et
1524 4938 1610 4992 otium
1624 4940 1780 4998 scribentis
1793 4951 1931 5013 quareret:

304 5024 352 5079 liei
367 5038 473 5088 serras,
488 5023 515 5078 iu
529 5022 638 5078 Christo
653 5022 779 5078 niumm.
1148 5042 1200 5083 nec
1213 5028 1268 5082 cito
1282 5042 1326 5082 rue
1338 5041 1418 5097 posse
1432 5028 1467 5083 ad
1480 5041 1512 5082 ea
1526 5042 1587 5096 que
1599 5029 1733 5098 rogabas,
1749 5032 1780 5087 iu
1798 5034 1886 5100 multu
1895 5046 1932 5088 eo

338 5112 429 5181 Nuper
450 5120 583 5168 venerunt
607 5114 642 5168 ad
658 5128 702 5169 rue
722 5114 819 5169 litterae
840 5113 874 5170 de
892 5122 938 5169 tua
950 5116 1096 5171 sanctitate
1148 5124 1276 5186 cupatum
1290 5116 1422 5187 condigne
1435 5117 1600 5186 respondere
1613 5133 1621 5171 r
1636 5118 1689 5175 sed
1709 5122 1862 5179 multcrruu
1874 5123 1931 5179 dett

303 5202 425 5268 directa,
440 5220 500 5274 quse
513 5205 584 5261 inter
596 5205 649 5260 alia
662 5219 697 5261 ex
711 5205 809 5277 quibus
828 5221 935 5262 mecam
949 5214 995 5263 tua
1013 5207 1095 5263 dilec-
1148 5217 1178 5265 et
1200 5222 1341 5264 sacrorum
1364 5205 1496 5262 librortuu
1518 5207 1658 5263 volumina
1686 5220 1757 5267 aute
1781 5209 1930 5283 persenun'

302 5292 472 5351 tiodeerevit
482 5302 597 5360 tentare,
609 5295 783 5351 continebant
793 5297 826 5351 tle
836 5298 939 5368 nuptiis
951 5316 958 5353 ε
972 5306 1001 5354 ut
1011 5306 1094 5370 quota
1147 5300 1216 5356 velle
1229 5317 1237 5356 t
1252 5309 1280 5355 et
1294 5300 1335 5356 sic
1347 5299 1383 5355 ad
1395 5298 1608 5364 rescribendum,
1623 5315 1742 5358 manum
1755 5308 1875 5363 mittere
1885 5300 1929 5359 Sel

302 5384 479 5456 generatione
496 5383 647 5454 legitimum
664 5402 726 5443 esse
745 5395 848 5458 posset,
870 5388 918 5443 tibi
937 5388 1093 5445 edicerem:
1145 5406 1207 5446 cum
1219 5390 1390 5462 postmodum
1404 5398 1431 5445 te
1448 5390 1579 5446 sentirem
1590 5388 1626 5445 ad
1639 5392 1776 5461 primmsa
1788 5390 1927 5465 exequie

302 5477 349 5533 ubi
369 5484 396 5532 et
418 5479 652 5533 commemorabas
665 5487 692 5533 te
714 5480 837 5549 quaedam
860 5481 977 5551 capitula
996 5482 1094 5552 legisse
1145 5482 1250 5538 aridius
1263 5480 1403 5548 anhelare,
1423 5481 1611 5554 preoccupati
1631 5490 1755 5554 ternpus,
1772 5494 1803 5543 et
1815 5485 1927 5542 latio*

301 5582 378 5638 papae
387 5564 511 5639 Gregorii
526 5568 560 5623 ad
570 5567 750 5639 Augustinuru
764 5570 853 5642 gentis
876 5571 1025 5642 Anglomnt
1037 5572 1094 5643 epi·
1146 5583 1188 5629 ter
1198 5582 1251 5629 tuae
1262 5572 1396 5629 voluntati
1406 5573 1596 5643 obtemperare
1605 5570 1723 5629 decrevi
1735 5593 1744 5630 z
1757 5575 1925 5632 breviterlrs

258 5658 268 5668 ’
300 5670 413 5728 scopum
438 5678 445 5712 ε
469 5673 520 5714 nec
539 5674 593 5713 nco
613 5667 641 5715 et
660 5659 769 5716 decreta
790 5661 930 5718 Zachariae
948 5664 981 5718 de
999 5663 1093 5719 eadem
1146 5678 1372 5731 commemorans,
1386 5678 1446 5733 qua·
1456 5662 1554 5733 legisse
1566 5677 1610 5718 ure
1622 5666 1793 5724 recordatus
1805 5682 1863 5723 sun
1874 5682 1881 5718 :
1892 5657 1924 5715 rel

301 5765 352 5805 re:
367 5751 492 5808 similiter
504 5768 610 5824 quoque
623 5753 687 5824 quid
701 5754 828 5820 isidorus,
840 5754 1009 5827 llispalcnsis
1019 5756 1093 5826 epis·
1144 5769 1205 5825 quae
1224 5754 1315 5810 subito
1326 5753 1440 5809 dictanti
1457 5754 1484 5807 in
1506 5762 1627 5808 mentem
1645 5766 1799 5814 venerant.
1814 5750 1923 5828 igitar&

301 5853 397 5911 copus,
413 5842 441 5897 ir
459 5843 635 5917 Etymoloqiis
648 5845 705 5901 suis
717 5846 780 5901 inde
794 5847 919 5913 senserit,
938 5858 1030 5904 uotum
1044 5850 1093 5905 ba·
1144 5845 1245 5915 nuptiis
1262 5843 1327 5914 quid
1346 5843 1450 5899 licitum
1463 5842 1499 5897 til
1512 5841 1556 5898 vel
1576 5842 1717 5911 illicitum,
1740 5845 1869 5903 Domum
1885 5850 1925 5913 r!

301 5927 367 5986 bere
381 5948 388 5985 :
403 5934 508 6002 etquid
522 5950 572 6005 eqo
596 5951 677 6006 snper
694 5937 752 5992 haec
771 5938 860 5993 omnia
881 5938 1021 6014 sentirem,
1043 5940 1091 5997 tibi
1143 5939 1231 6010 legen
1240 5945 1268 5993 ct
1278 5936 1453 6009 Evangelinm
1466 5935 1595 6002 innotuit,
1604 5937 1655 6006 qni
1669 5938 1746 5994 bono
1756 5928 1924 6010 cortittqalilli

295 6031 320 6079 ’tt
332 6036 376 6079 tue
387 6025 497 6082 rescribi
509 6028 672 6095 postulabas.
686 6028 762 6085 Unde
769 6044 820 6101 eqo
828 6038 891 6087 tunc
901 6031 995 6090 ridens
1004 6046 1091 6102 quau·
1142 6030 1278 6089 concessit
1293 6050 1301 6086 ι
1319 6038 1401 6101 atque
1428 6042 1534 6086 oruueur
1561 6028 1701 6086 incestatur
1730 6040 1762 6087 et
1786 6024 1924 6088 ῐοιιιίαῑίθ·
1976 6101 1977 6114 ¹
