4500 6842
304 642 376 700 tobi
623 640 655 696 il.
674 637 801 694 anua-m
821 637 930 694 ttnttittt
949 634 1110 692 tmcnttlt‘.
1132 636 1287 694 cocunt.
1307 636 1450 695 ounuttt
1469 637 1559 694 PARS
1577 636 1609 694 11.
1872 637 1940 696 ttltt

305 781 315 813 r
335 774 459 818 mensam
480 773 568 814 nicam
581 764 612 812 ut
624 755 780 810 ministrent
793 751 870 819 mibi,
888 761 918 809 et
943 751 1094 808 custodiant
1109 757 1133 815 Α
1148 752 1297 828 refrigeriis
1310 754 1406 812 altaria
1422 755 1528 811 Domini
1552 753 1713 826 polluamus.
1738 754 1793 811 Pro
1813 771 1850 812 eo
1870 757 1945 828 quod

305 850 514 908 «ammonias
527 862 611 904 taces·
631 843 820 900 ›Hebraieum
834 853 925 899 autent
953 843 1025 898 irurrc
1045 842 1094 896 lta·
1148 858 1197 899 nos
1207 844 1366 913 posuimus:
1385 863 1395 897 ι
1412 843 1446 900 Et
1472 844 1543 899 dabo
1571 858 1620 900 ees
1636 841 1772 913 janitores
1794 844 1944 904 demusin

301 939 349 998 bet
361 954 492 997 masura:
508 957 518 989 ι
531 936 625 994 Omnis
632 934 782 1008 alienigena
797 932 1001 989 incircumcisus
1014 883 1121 988 corde(
1147 934 1300 992 ministerio
1312 936 1380 1008 ejus,
1394 944 1422 991 et
1436 937 1461 991 iu
1476 935 1609 992 universis
1632 950 1693 1006 quae
1721 934 1792 992 liunt
1815 936 1845 991 in
1870 951 1915 1000 ea,
1931 955 1943 991 r

302 1037 433 1095 etearue,
448 1041 502 1082 non
513 1024 681 1097 ingredietur
692 1022 877 1079 sanctuarium
888 1037 988 1088 meum,
1006 1042 1016 1076 r
1033 1022 1096 1078 licet
1146 1024 1328 1081 eosuidelicet
1343 1023 1553 1094 bevitammqui
1570 1023 1649 1095 longe
1670 1033 1876 1080 recesserunta
1890 1023 1947 1082 ileo

303 1136 365 1178 enm
378 1116 478 1192 populo
492 1113 648 1172 lsraelesse
665 1114 799 1171 uideatur.
822 1114 923 1170 Levitae
938 1124 1028 1170 nutem
1043 1116 1095 1169 boc
1147 1116 1174 1171 ‘m
1186 1133 1281 1174 errore
1298 1117 1413 1172 iliorum
1429 1116 1526 1183 lsrael,
1536 1126 1564 1174 ct
1577 1118 1662 1174 secuti
1677 1128 1741 1174 sunt
1761 1118 1835 1174 idola
1847 1109 1948 1190 quibus

302 1207 533 1270 eatsacerdotalis
545 1208 647 1282 gradus
663 1207 710 1278 qui
736 1207 815 1280 louge
838 1219 1011 1264 recesserunt
1024 1224 1040 1262 a
1054 1222 1092 1264 me
1149 1207 1270 1263 rietimas
1281 1207 1463 1263 immolarunt.
1479 1207 1658 1279 Symmachus
1670 1208 1797 1264 ordinem
1811 1208 1947 1273 :lectionis

303 1302 332 1358 in
340 1313 435 1357 errore
446 1295 562 1354 liliorum
576 1295 671 1364 lsrael,
686 1305 714 1353 et
728 1298 814 1354 secati
829 1308 892 1354 suut
906 1298 987 1363 idola,
1002 1309 1093 1370 porta
1147 1312 1310 1369 sensumque
1333 1298 1519 1366 considerans,
1545 1300 1646 1356 rectius
1673 1300 1872 1370 interpretatus
1894 1309 1946 1369 eet,

303 1396 370 1452 bunt
382 1391 552 1462 iniquitatem
563 1405 651 1457 suam,
665 1390 778 1462 eoquod
794 1389 894 1446 luerint
905 1390 931 1445 iu
941 1391 1093 1448 sanetaarie
1147 1387 1241 1443 dicens
1253 1407 1259 1441 :
1271 1387 1416 1444 Posceram
1429 1389 1502 1444 euim
1517 1404 1564 1446 eos
1583 1390 1710 1446 custodes
1729 1389 1883 1461 ianuarum
1901 1393 1948 1449 do·

303 1499 364 1542 meo
377 1483 575 1550 ministrantes,
589 1482 617 1537 in
632 1479 722 1538 edicio
734 1490 875 1554 portarum
889 1483 985 1538 donnus
1005 1493 1033 1538 et
1047 1483 1098 1542 rui·
1147 1492 1208 1533 raus
1229 1478 1348 1534 universi
1373 1480 1515 1535 ministerii
1543 1480 1614 1552 cius.
1637 1488 1667 1536 et
1691 1491 1859 1540 cunctorum
1888 1498 1947 1554 quar

303 1575 381 1634 uietri
396 1573 464 1646 eius.
478 1574 531 1646 ipsi
545 1574 618 1630 enim
629 1572 779 1630 offerebant
802 1573 987 1630 holocaustum
1010 1583 1038 1631 et
1057 1575 1098 1630 ui·
1148 1566 1216 1622 dunt
1229 1569 1305 1635 inea,
1317 1570 1446 1626 tttnonnd
1457 1586 1505 1626 cos
1515 1572 1649 1642 pertineat
1658 1572 1704 1643 qui
1714 1582 1780 1629 aunt
1791 1573 1822 1628 in
1835 1575 1946 1645 templo,

302 1668 401 1724 elimas
415 1665 517 1738 pupuli,
528 1673 564 1723 et·
570 1665 621 1736 ipsi
634 1665 744 1721 stabant
757 1665 786 1721 iu
798 1674 945 1736 conspeetu
958 1681 1052 1722 eontm
1068 1674 1098 1722 ut
1148 1660 1195 1714 scd
1208 1660 1242 1714 ad
1256 1663 1360 1731 eosqui
1373 1661 1493 1717 luerunt.

303 1758 491 1814 ministrarent
501 1771 552 1828 pro
564 1757 614 1813 eis.
630 1756 698 1824 Quia
713 1772 778 1828 crgo
798 1757 1025 1814 ministraverunt
1047 1773 1096 1827 pro
1125 1782 1128 1785 ·
1184 1772 1194 1805 ι
1215 1752 1336 1822 Ctttnque
1350 1754 1535 1824 ingredientur
1545 1763 1638 1824 portas
1650 1755 1712 1810 atrii
1725 1755 1880 1822 interioris,
1898 1772 1943 1814 le-

303 1849 358 1904 illis
370 1850 397 1906 in
411 1855 556 1919 conspectu
567 1846 699 1902 idolorum
712 1861 834 1912 suorum,
848 1855 876 1902 ct
887 1846 996 1903 inerunt
1007 1847 1096 1903 domui
1151 1865 1161 1898 r
1180 1846 1268 1902 stibus
1286 1846 1343 1901 sire
1356 1846 1433 1901 stolis
1451 1845 1529 1902 lincis
1556 1846 1711 1913 induentur,
1739 1863 1790 1903 nee
1817 1850 1947 1906 ascendet

303 1937 386 1996 lsrael
396 1937 586 1994 offendiculum
602 1938 761 2008 iniquitatis,
776 1947 917 2008 propterea
936 1939 1022 1994 letati
1040 1954 1097 1994 tna·
1151 1959 1161 1992 r
1184 1955 1265 2011 super
1283 1954 1331 1994 eos
1341 1940 1485 2009 quicquam
1499 1939 1606 1994 laneum
1621 1940 1730 2010 quando
1744 1941 1904 1996 ministrant
1918 1942 1945 1998 iu

303 2043 370 2084 num
381 2042 469 2084 meam
482 2043 563 2098 super
574 2042 631 2094 eos,
647 2028 712 2085 dicit
723 2028 853 2084 muninus
864 2028 944 2097 Deus,
962 2036 992 2086 et
1002 2037 1096 2101 porta-
1151 2051 1160 2083 r
1183 2031 1268 2102 portis
1291 2031 1353 2085 atrii
1377 2029 1513 2086 interioris
1538 2039 1565 2085 et
1586 2030 1760 2087 intrinsecus.
1778 2030 1948 2087 t'itecttuear

305 2127 403 2178 rerum
417 2119 587 2190 iniquitatem
605 2134 694 2183 suam,
717 2126 746 2173 et
766 2133 820 2173 uon
843 2120 1097 2189 appropinquabunt
1112 2104 1135 2165 Β
1152 2140 1162 2176 ι
1183 2131 1262 2179 crunt
1276 2122 1302 2177 in
1317 2122 1450 2192 capitibus
1459 2136 1562 2185 eorum,
1577 2121 1633 2177 site
1655 2122 1762 2177 cidares
1785 2121 1877 2178 linteas
1904 2121 1949 2177 lta·

304 2210 339 2266 ad
350 2224 405 2276 mc,
415 2217 445 2266 ιιι
458 2208 610 2265 sacerdotio
620 2207 856 2286 iunganturmilri,
870 2224 957 2279 neque
968 2209 1098 2265 accedent
1151 2231 1161 2265 r
1182 2213 1283 2268 bebuut
1296 2226 1377 2281 super
1388 2211 1478 2281 capita
1493 2226 1552 2277 sua,
1568 2217 1595 2265 et
1607 2209 1746 2266 feminalia
1770 2210 1845 2266 linea
1871 2222 1949 2267 eruet

305 2301 340 2366 ad
361 2314 441 2356 omae
455 2299 639 2356 sanctuarium
656 2313 746 2354 mcum
769 2297 848 2367 iuxta
869 2307 964 2354 sancta
986 2309 1097 2355 saucto-
1151 2285 1167 2354 ι’
1183 2303 1211 2358 iu
1227 2302 1324 2357 innubis
1338 2316 1444 2366 eorum,
1465 2307 1493 2356 et
1513 2317 1567 2355 uon
1581 2299 1758 2371 accingentur
1782 2301 1811 2356 in
1840 2301 1945 2358 sudore.

306 2408 377 2460 rum,
395 2392 442 2448 sed
455 2392 602 2462 portabunt
623 2390 809 2447 confusionem
833 2405 921 2455 suant,
944 2398 973 2446 et
995 2390 1097 2446 scelera
1152 2410 1162 2444 r
1184 2390 1304 2462 Cumque
1318 2390 1490 2462 egredientur
1502 2390 1601 2445 atrium
1617 2388 1739 2445 exterius
1754 2390 1789 2445 ad
1805 2390 1947 2462 populum,

307 2499 357 2540 saa
370 2480 574 2556 quateremur.
599 2481 653 2538 Pro
663 2480 827 2537 sacerdotali
849 2480 922 2535 enim
944 2479 1032 2536 olltcio
1052 2481 1099 2551 qui
1152 2502 1161 2537 r
1184 2490 1284 2539 eruent
1296 2497 1327 2538 se
1338 2482 1506 2538 uestimentis
1519 2481 1575 2537 suis
1599 2481 1625 2536 iu
1651 2481 1752 2552 quibus
1775 2482 1948 2538 ministram

307 2572 494 2630 holocaustum
506 2580 534 2627 et
548 2571 673 2628 victimas
687 2585 820 2641 omneque
834 2569 1100 2628 sacriticiumollerre
1153 2592 1163 2626 ι
1185 2582 1258 2640 rant,
1268 2581 1295 2629 ct
1306 2580 1438 2643 reponent
1449 2586 1481 2627 ea
1492 2570 1519 2626 in
1533 2570 1735 2644 gazophylaciis
1747 2573 1912 2640 sanctuarii,
1922 2581 1950 2630 et

306 2671 479 2728 consuerant,
494 2663 650 2733 redigentur
662 2663 689 2717 in
704 2661 828 2716 ultimum
839 2663 963 2733 graelum.
978 2662 1012 2716 Et
1021 2671 1101 2718 cruttt
1153 2685 1162 2718 r
1182 2666 1299 2721 restieut
1311 2680 1341 2722 se
1352 2664 1521 2719 vestimentis
1535 2664 1607 2730 aliis,
1621 2671 1649 2720 et
1662 2677 1717 2719 nou
1737 2663 1950 2722 sanctificabant

305 2754 437 2826 janitores
455 2753 552 2810 domus
566 2754 592 2810 in
604 2754 779 2824 ignominiam
794 2754 997 2826 sempiternam,
1025 2766 1055 2810 ut
1066 2756 1100 2810 ab
1153 2777 1163 2810 r
1183 2759 1311 2830 populum
1334 2758 1361 2811 iu
1384 2756 1554 2812 restituentis
1569 2755 1635 2811 suis.
1648 2755 1738 2826 Caput
1756 2766 1853 2812 antem
1872 2771 1948 2814 suum

306 2846 433 2902 universo
445 2846 543 2916 populo
558 2845 701 2902 rideantur
721 2846 841 2902 intrante
864 2854 892 2902 et
916 2856 1043 2912 exeunte,
1067 2848 1101 2904 de
1154 2865 1235 2905 cnon
1258 2849 1350 2904 radent
1370 2862 1456 2918 neque
1471 2861 1575 2902 comam
1593 2846 1728 2914 nutrient,
1742 2847 1792 2903 sed
1807 2849 1948 2905 tondentes

306 2949 360 3006 qna
373 2935 480 2991 sublimi
503 2935 641 3010 dignitate,
668 2937 703 2992 ad
728 2952 810 3007 quam
837 2936 961 2992 ultimum
987 2939 1101 3010 gradum
1154 2959 1164 2993 ι
1187 2939 1363 2996 attondebunt
1377 2938 1465 3006 capita
1481 2951 1540 2992 sua.
1552 2935 1689 2992 littidum
1702 2936 1949 2994 nonbibetomais

308 3024 489 3095 pervenerint.
520 3023 707 3082 ‹Sacerdotes
731 3035 833 3091 autem,
853 3046 863 3080 r
885 3027 983 3097 inquit,
1008 3029 1036 3086 id
1061 3037 1103 3084 est
1154 3052 1165 3088 ι
1186 3023 1324 3096 sacerdos,
1335 3027 1442 3100 quaudo
1455 3028 1625 3101 ingressurus
1636 3026 1755 3084 icteritia
1768 3028 1873 3084 atrium
1884 3029 1949 3085 iate·

307 3113 431 3172 Leviter
450 3115 496 3184 qui
510 3123 573 3170 sunt
584 3115 632 3170 lilii
646 3113 746 3182 Sadoc,
761 3136 771 3169 r
790 3118 841 3172 ltoc
852 3124 893 3174 est
903 3116 1102 3186 justorttmsitc
1155 3143 1165 3178 ι
1188 3125 1254 3180 rius.
1267 3141 1277 3175 t
1292 3121 1419 3195 (iiierort.
1428 3121 1438 3191 )
1448 3117 1569 3174 Primum
1579 3118 1699 3176 historiae
1711 3117 1797 3173 rerba
1808 3119 1947 3191 pandenda

306 3204 372 3276 ittsti
387 3205 483 3272 bei,ot
503 3206 589 3277 quiin
606 3215 729 3277 tempore
753 3208 854 3263 erroris
879 3209 1001 3266 uniuersi
1020 3209 1104 3266 lsrael
1152 3222 1225 3272 sunt.
1237 3213 1415 3268 intercutem
1430 3223 1491 3280 quae
1502 3207 1688 3264 sacerdotibus
1709 3209 1838 3281 prareipit
1861 3224 1948 3266 acmo

311 3296 525 3357 «custodierunt
537 3297 715 3352 coeremonias
728 3299 875 3353 sanctuarii
899 3299 964 3364 ntei,
993 3299 1043 3370 ipsi
1061 3315 1104 3356 ac·
1152 3302 1317 3364 llutniuicus,
1339 3300 1392 3355 boc
1405 3311 1512 3368 queque
1531 3299 1732 3354 observandum
1751 3296 1845 3368 jubet.
1867 3309 1897 3354 ut
1921 3300 1948 3354 itt

308 3391 405 3449 cedent
416 3389 449 3446 ad
462 3404 506 3445 me
518 3398 548 3444 ut
563 3387 717 3444 ministrent
732 3388 809 3455 mibi,
819 3398 848 3445 et
862 3398 936 3445 sieut
952 3391 978 3446 iu
991 3405 1104 3463 caustica
1154 3392 1220 3464 ipsis
1235 3390 1320 3461 portis
1336 3388 1475 3445 interioris
1483 3387 1557 3453 atrii,
1577 3387 1709 3455 restibus,
1726 3389 1812 3446 idest
1827 3389 1905 3446 stetis
1918 3388 1950 3444 ii·

308 3489 354 3538 ctu
367 3495 438 3548 tneo,
453 3500 462 3534 r
477 3492 505 3536 ct
519 3477 633 3536 ollerant
646 3479 711 3534 mibi
725 3479 844 3551 adipem,
860 3481 912 3539 boc
926 3489 969 3538 est
980 3481 1102 3553 pinguis·
1116 3453 1139 3516 C
1155 3484 1214 3540 neis
1226 3482 1382 3547 induantur,
1396 3496 1445 3536 nce
1458 3487 1568 3536 utantur
1594 3478 1680 3536 laneis
1707 3478 1879 3538 indumentis
1896 3490 1948 3538 tam

308 3572 584 3639 quantominus
598 3571 769 3641 sanguinem,
786 3572 876 3627 uiuam
893 3571 1102 3643 seilicetctpla·
1154 3573 1182 3627 in
1200 3572 1286 3644 portis
1300 3571 1363 3626 atrii
1376 3569 1524 3634 interioris,
1536 3584 1618 3640 quam
1630 3567 1809 3636 intrinsecus,
1835 3571 1887 3628 boc
1909 3580 1949 3628 eei

308 3662 540 3719 ceutemltostiam
554 3660 629 3727 Deo,
648 3670 695 3717 ret
710 3662 760 3732 ipsi
777 3662 963 3732 ingredientur
979 3671 1105 3718 sanctua·
1155 3664 1182 3719 in
1207 3662 1294 3734 adytis
1328 3662 1482 3731 sanctisque
1511 3668 1666 3716 sauctorum
1700 3675 1708 3713 t
1738 3658 1871 3728 ritmqne
1894 3660 1949 3715 sire

308 3755 379 3810 rium
404 3767 505 3819 meum,
529 3760 556 3808 et
577 3753 708 3809 accedent
724 3754 758 3809 ad
781 3768 903 3811 mensam
925 3771 1052 3822 meam»
1075 3764 1104 3810 ut
1154 3755 1260 3812 cidares
1271 3753 1350 3808 lineae
1363 3753 1417 3808 siut
1429 3751 1455 3806 in
1469 3751 1603 3822 capitibus
1614 3764 1721 3816 comm,
1749 3758 1779 3806 et
1814 3751 1949 3810 temiualia

309 3844 620 3917 accendanttbymiama
635 3844 713 3911 milti,
727 3853 755 3900 et
776 3859 885 3902 emnem
912 3847 993 3904 ritum
1020 3847 1105 3903 saeri-
1155 3842 1225 3898 linea
1240 3843 1266 3897 in
1280 3837 1529 3910 tancredumque
1541 3835 1745 3908 sequiturjuxta
1759 3836 1948 3912 Septuaginta.

309 3936 363 3996 ttcti
379 3935 542 3995 nasturtium.
567 3937 616 3994 stu
635 3945 726 3993 auten
747 3935 801 3993 noc
822 3939 860 3993 ita
877 3947 930 4006 est,
955 3949 985 3994 ut
1007 3940 1053 4011 qut
1076 3940 1104 3995 tn
1158 3942 1210 3989 «ct
1222 3948 1276 3988 non
1289 3931 1466 4004 accingentur
1479 3930 1623 3996 uioteuter,
1644 3943 1722 4000 ntro
1738 3945 1795 4002 quo
1811 3929 1910 4002 Aquita
1923 3937 1950 3985 0¹

309 4039 431 4100 tempore
449 4027 552 4085 erroris
569 4036 596 4085 ct
613 4029 810 4101 persecutionis
822 4029 893 4088 idola
916 4038 981 4088 sunt
1007 4031 1103 4099 secuti,
1156 4022 1335 4096 Symmachus
1370 4020 1567 4077 transtulerum
1593 4021 1621 4075 ''ss
1653 4018 1760 4088 “dms
1799 4016 1950 4078 Thffldtllb

308 4116 570 4189 qoaedesuoeorde
584 4115 823 4184 conduxerant,et
838 4133 893 4175 nott
912 4119 999 4176 solum
1028 4134 1102 4186 uoce,
1155 4113 1243 4185 ipsum
1257 4113 1368 4170 uerbum
1381 4109 1817 4182 nebratcumerprtneusposnit
1835 4111 1948 4174 indere.

308 4205 394 4264 redet
405 4206 603 4277 subscriptione
619 4221 716 4262 manus
741 4216 916 4264 asseruerunt
942 4208 990 4264 Dei
1017 4208 1102 4264 illium
1155 4206 1258 4278 Aquita
1271 4204 1387 4262 aecunda
1396 4203 1479 4260 editio
1492 4201 1577 4257 Besa.
1595 4200 1648 4257 Per
1656 4201 1730 4272 quod
1744 4201 1884 4274 signifieat
1898 4219 1949 4258 neu

308 4307 472 4364 ereaturam,
486 4306 514 4354 et
528 4298 681 4353 servierunt
694 4307 826 4356 creaturae
836 4301 922 4373 magis
936 4315 1016 4372 quam
1029 4314 1106 4357 crea·
1155 4315 1203 4357 eos
1213 4300 1344 4356 uiolenter
1355 4304 1430 4355 arete
1443 4306 1526 4368 atque
1536 4294 1681 4352 constricte
1696 4293 1784 4351 instar
1797 4297 1948 4354 ritmorum

309 4379 363 4446 tori
378 4389 423 4460 qui
442 4395 484 4442 est
503 4385 662 4442 benedictus
686 4388 837 4456 insaecula,
854 4391 989 4459 quomodo
1013 4405 1104 4447 saccu-
1155 4406 1215 4450 esse
1226 4391 1382 4464 cingendos,
1395 4404 1429 4445 ue
1444 4390 1471 4445 in
1484 4387 1640 4446 ministeriis
1667 4387 1886 4445 sacerdotalibus
1906 4398 1947 4444 at-

310 4476 399 4536 dotale
412 4477 475 4545 sibi,
489 4483 518 4531 ct
527 4474 682 4546 pontillcale
694 4476 839 4533 adsumunt
853 4480 1000 4552 fastigium,
1015 4490 1044 4537 et
1057 4501 1105 4539 an·
1155 4499 1209 4556 que
1220 4481 1346 4538 leviticis
1361 4480 1493 4537 inhabiles
1504 4479 1578 4547 liant,
1594 4487 1621 4536 et
1632 4487 1762 4538 tencreet
1777 4482 1887 4538 mttere
1909 4482 1947 4538 ri·

309 4566 619 4628 deatollerrerictimas
633 4565 690 4622 ileo
715 4566 834 4625 cultores
858 4574 993 4639 quondam
1018 4577 1103 4634 idolo·
1156 4574 1264 4640 etimas,
1280 4573 1417 4628 attrahere
1431 4586 1538 4643 quoque
1549 4579 1686 4643 nequeant
1695 4572 1947 4643 atquedtaeerrrre

311 4661 391 4719 rumi
405 4659 459 4718 Sed
471 4669 500 4715 ut
512 4658 719 4715 ardentissimus
732 4666 811 4728 poeta
826 4668 963 4722 testatur:
1155 4663 1189 4719 Et
1203 4663 1266 4734 quia
1277 4662 1359 4719 semel
1369 4669 1534 4733 praeeperat
1548 4662 1646 4733 quibus
1671 4663 1794 4720 restibus
1809 4664 1849 4720 uti
1869 4661 1949 4720 tete-

1157 4764 1218 4813 reut
1245 4754 1411 4822 sacerdotes,
1433 4753 1539 4826 quando
1559 4754 1725 4810 intrinsecus
1744 4754 1772 4810 in
1793 4754 1949 4812 ministeriis

405 4805 553 4871 omum
568 4804 652 4857 mum
663 4809 779 4869 ''mu''
789 4806 893 4861 ''mum''
906 4819 953 4864 αι
1118 4816 1145 4877 D
1157 4853 1230 4912 sunt,
1242 4859 1349 4899 rursum
1358 4841 1447 4911 jubet,
1459 4851 1489 4897 ut
1508 4842 1676 4916 egredientes
1697 4841 1726 4898 iu
1737 4843 1946 4917 gazophylaciis.

311 4929 451 4988 Multitudo
464 4928 633 5002 peccantium
660 4927 899 4999 impetrabiliorem
923 4934 986 4992 lecit
1014 4936 1102 5007 impiis
1119 4942 1137 4964 ⁸
1154 4931 1948 5004 siteinexedrissanetorum,exuantsepristirtisrestibus.

310 5019 429 5086 reniam,
447 5021 532 5090 utqui
548 5019 650 5075 redacti
676 5018 704 5072 in
727 5017 811 5077 laicos
831 5024 943 5094 pristina
970 5026 1104 5096 sacrilegii
1155 5033 1183 5081 et
1194 5027 1341 5082 induantur
1349 5023 1466 5090 aliis,ne
1475 5023 1497 5079 si
1508 5031 1616 5080 sanctas
1625 5031 1716 5080 testes
1731 5023 1949 5080 babueriutaatt·

311 5107 353 5163 sul
373 5107 521 5165 debuerant
545 5108 647 5164 seelera
673 5107 825 5177 deplorare,
847 5128 918 5192 nunc
931 5116 1048 5187 resupini
1076 5117 1103 5172 iu
1155 5112 1487 5186 ctilicentpopuluruioris
1504 5113 1632 5184 positum,
1653 5113 1698 5184 qui
1726 5113 1848 5170 necdum
1870 5113 1948 5170 tunt

310 5196 458 5267 pontificali
471 5198 538 5253 solio
549 5199 672 5265 sedeant,
691 5203 720 5257 ei
742 5209 850 5257 ructent
869 5205 946 5261 nobis
973 5207 1104 5262 sinrtrlatm
1156 5203 1349 5270 sanattcatus,
1361 5218 1411 5259 nec
1422 5218 1452 5258 se
1463 5202 1694 5274 preparareritiu
1704 5203 1947 5262 continentiorem

312 5291 373 5347 lidei
389 5304 512 5356 transeas,
532 5290 587 5346 imo
607 5304 707 5362 aperta
727 5293 847 5368 perlldise
869 5306 961 5366 aperta
976 5313 1103 5369 compen-
1157 5293 1261 5364 templi,
1277 5293 1349 5349 utsii
1365 5291 1471 5348 limniui
1493 5279 1647 5347 Nizaraeus.
1664 5289 1718 5346 Per
1732 5305 1797 5361 quar
1821 5291 1948 5350 discimus

312 5381 367 5437 dia.
382 5379 498 5436 Audiam
517 5380 707 5451 igitursaltem
719 5400 792 5451 sero,
820 5392 847 5439 et
871 5385 1018 5443 observent
1035 5403 1104 5458 prae·
1157 5401 1210 5441 uoa
1233 5385 1397 5455 quotidianis
1415 5392 1443 5439 ct
1460 5379 1623 5453 quibuslibet
1645 5396 1695 5453 pro
1718 5397 1770 5438 usu
1793 5383 1858 5440 vita
1883 5399 1943 5440 corn

311 5479 388 5542 ecqua
407 5469 600 5541 omnipotentis
617 5470 675 5526 ttei.
692 5471 949 5546 Omnisnlicnigcaa
964 5476 1105 5532 incircum·
1156 5478 1246 5534 munis
1277 5476 1387 5548 pollutis
1421 5473 1542 5538 restibus
1575 5486 1624 5528 nos
1658 5471 1764 5544 ingredi
1794 5471 1895 5531 debere
1922 5474 1947 5529 ia

311 5561 735 5619 cisusconloetincircumcisus
756 5581 839 5621 carue
856 5583 910 5622 nou
939 5569 1104 5640 ingredietur
1155 5578 1246 5626 saneta
1281 5577 1447 5634 sanctorum,
1485 5566 1532 5623 sed
1570 5559 1669 5621 munda
1705 5567 1886 5632 conscientia,
1923 5575 1946 5622 et

311 5658 496 5715 sanctuarium
509 5673 609 5714 meum,
624 5658 698 5714 Licet
713 5659 757 5715 ilic
772 5661 805 5717 sit
821 5661 901 5729 itlius,
919 5662 981 5720 licet
1003 5679 1104 5735 cogna-
1157 5660 1265 5715 tttundia
1283 5661 1402 5715 restibus
1421 5668 1514 5716 maere
1532 5656 1638 5712 bomini
1656 5667 1843 5715 sacramenta.
1863 5659 1942 5716 testi

312 5752 385 5809 tlctte
397 5752 525 5819 sociatus,
538 5749 603 5807 licet
616 5750 728 5823 antiqua
744 5752 821 5808 uobis
835 5753 937 5810 lacteat
955 5755 1105 5812 necessitu-
1157 5750 1294 5807 busliueis
1307 5758 1419 5805 utuntur
1430 5747 1541 5821 AEgypti
1566 5747 1722 5804 sacerdotes
1736 5763 1794 5805 non
1808 5749 1896 5806 mlum
1909 5749 1946 5804 in·

311 5845 383 5915 (ling,
397 5847 420 5903 gi
433 5845 640 5904 incircumcisus
652 5847 734 5903 00de
747 5844 788 5901 vel
803 5860 885 5903 mne
907 5855 958 5910 est,
986 5863 1039 5904 non
1065 5850 1106 5904 in.
1158 5841 1302 5906 trinsecus,
1315 5840 1361 5895 sed
1371 5839 1550 5895 extrinsecus.
1563 5833 1650 5893 Porro
1662 5835 1753 5894 11111111
1774 5839 1874 5912 religio
1885 5836 1945 5892 lilt-

313 5935 508 5993 trodueatorin
522 5937 706 5993 sanctuarium
725 5936 785 6001 Dei,
810 5951 845 5992 ne
868 5936 1006 5993 ministros
1028 5937 1105 5995 Chri·
1157 5946 1218 5985 rum
1233 5929 1354 5985 biblium
1370 5927 1451 5983 habel
1471 5927 1498 5982 ln
1514 5925 1677 5995 ministerio,
1701 5927 1822 5985 alierum
1848 5925 1945 5984 in'ttttt

314 6027 357 6088 sti,
373 6034 481 6095 tronti-oe
495 6024 627 6082 faciamus
640 6025 791 6092 ministros,
810 6036 844 6100 'et
873 6040 922 6096 pro
949 6028 1104 6085 carnatibus
1158 6022 1266 6091 uitaque
1281 6018 1416 6076 communi
1432 6035 1439 6085 ;
1456 6016 1592 6073 terninatia
1616 6024 1690 6074 reete
1704 6027 1893 6087 assumuntur,
1917 6025 1943 6070 ιιι
