4500 6842
241 630 300 686 ’iii

713 622 891 681 cethi-eur.
915 623 946 678 tl
968 623 1197 680 bZEOEHHAEtL
1219 655 1254 664 -
1274 621 1337 679 [ih.
1359 624 1426 679 ttl.

1833 626 1888 684 atu

242 746 288 802 nis
300 751 362 810 cst;
376 751 405 798 et
424 751 514 797 ttutcu
540 758 554 795 a
579 742 710 796 bonorum
724 755 843 795 attinuere
863 739 968 793 alicnus
991 755 1043 793 nou
1058 742 1083 801 A
1098 741 1173 795 taciti
1186 741 1396 811 reprehendunt,
1415 752 1443 796 ct
1455 741 1582 811 iaerpnds
1598 744 1776 814 insequamur
1800 766 1892 816 irritare,

242 846 299 894 est.
317 836 410 891 Potest
429 842 519 888 aulem
533 844 561 888 et
577 848 625 904 per
639 832 754 888 orientis
775 841 881 902 portam
899 831 1040 897 Dominus,

243 934 275 985 οι
291 940 341 997 per
362 924 447 980 austri
465 922 578 988 iudaea,
602 937 651 994 per
673 924 808 993 aquilonis
824 938 888 977 vcro
912 936 1043 977 conuersa

242 1017 383 1090 gentilitas
398 1015 544 1086 designari.
571 1014 625 1069 Sed
638 1014 689 1069 hac
704 1016 730 1069 in
742 1030 781 1080 re,
796 1015 910 1084 qitaestio
922 1017 1042 1068 animum

242 1107 347 1181 pulsat,
368 1122 418 1163 cur
435 1106 461 1161 in
481 1106 615 1176 superiori
635 1106 791 1161 narratione
805 1106 943 1176 prophetae
968 1106 1044 1176 prius

243 1198 386 1254 orientalis
395 1196 718 1268 postmodumauuilouis,
727 1196 864 1251 aedeinde
871 1195 955 1249 austri
964 1202 1042 1264 porta

243 1292 383 1361 descripta
395 1300 439 1346 est
460 1307 467 1343 :
490 1304 607 1359 cumque
625 1288 733 1344 easdem
751 1296 844 1358 portas
864 1287 891 1340 in
913 1283 1044 1341 anteriori

244 1388 319 1443 atrio
332 1393 468 1452 narraret,
481 1385 558 1456 prius
568 1392 674 1453 portam
690 1382 787 1446 austri,
810 1381 905 1437 deiude
919 1379 1043 1443 aruntis,

244 1480 364 1537 ettertio
384 1478 411 1532 iu
426 1476 485 1532 ioco
494 1476 637 1546 descripsit
651 1473 794 1543 aquilonis.
822 1471 878 1527 Cur
890 1478 979 1524 autem
992 1485 1045 1524 uon

244 1569 372 1626 enimdem
395 1568 531 1628 ordinem,
549 1581 630 1636 quem
645 1573 767 1635 coeperat
790 1563 887 1626 tenuit,
909 1562 956 1616 sed
972 1561 1045 1616 hunc

245 1661 276 1716 in
289 1670 430 1729 portarum
454 1649 637 1727 descriptione
663 1653 850 1724 permutavit3
875 1660 904 1707 ut
924 1660 952 1705 et
970 1650 1045 1721 prius

1094 836 1166 903 ‹prrod
1179 849 1209 887 se
1220 834 1308 904 egisse
1323 834 1414 904 inique
1430 834 1621 890 tricuriuerunt.
1638 836 1713 893 Unde
1728 839 1772 894 hic
1785 857 1893 911 acturus
1910 895 1912 898 .

1094 926 1128 979 de
1145 926 1224 990 ostio,
1240 927 1312 994 qrtnd
1326 936 1368 981 est
1388 926 1415 980 in
1427 924 1562 982 iroritihus
1590 938 1729 998 portarum
1744 931 1867 988 subditur
1883 952 1891 990 a

1097 1036 1106 1067 ι
1135 1016 1173 1070 ibi
1198 1015 1325 1072 lavabant
1347 1016 1544 1073 holocaustum.
1577 1039 1586 1070 i
1617 1019 1668 1086 Qui
1693 1022 1766 1075 enini
1791 1038 1822 1078 se
1845 1039 1894 1093 per

1096 1108 1175 1162 hderu
1201 1110 1228 1163 in
1243 1110 1449 1165 conuersatione
1467 1118 1561 1165 sancta
1579 1110 1693 1165 homino
1712 1114 1890 1181 devorerunt,

1095 1199 1284 1255 holocaustum
1308 1199 1423 1255 homino
1447 1200 1510 1256 iacti
1537 1213 1611 1257 suut.
1641 1202 1694 1258 Sed
1718 1206 1781 1274 qltia
1801 1207 1891 1262 atihue

1095 1290 1222 1344 mollaio
1248 1306 1278 1346 se
1306 1292 1339 1346 de
1365 1293 1532 1361 corruptibili
1552 1308 1601 1348 sua
1628 1309 1711 1350 carne
1741 1297 1895 1367 patiuntur,

1095 1384 1158 1452 qtria
1173 1384 1261 1439 adhuc
1279 1384 1305 1438 io
1319 1386 1360 1439 eis
1369 1386 1459 1440 cordis
1474 1387 1605 1441 riiuuditia
1618 1390 1734 1446 sordidis
1749 1394 1892 1463 cng'tntin·

1096 1474 1176 1526 nihus
1191 1473 1358 1542 inquinatur,
1373 1476 1494 1545 utrotidie
1508 1477 1541 1531 ad
1554 1477 1689 1549 lacrymas
1705 1483 1829 1544 redeunt.
1844 1500 1891 1542 as-

1095 1562 1181 1618 siduis
1195 1563 1303 1619 fletibus
1327 1564 1482 1636 affliguntur
1497 1586 1503 1622 ε
1519 1576 1677 1625 sanctorum
1698 1573 1769 1627 enim
1781 1574 1893 1633 Patrius

1095 1651 1167 1705 dicta
1184 1661 1212 1707 et
1223 1651 1294 1709 lacta
1306 1656 1492 1721 considerant,
1523 1666 1551 1714 et
1571 1674 1633 1715 cuni
1645 1677 1675 1717 se
1688 1663 1812 1734 indiguos
1826 1680 1894 1737 ptru-

244 1744 793 1817 dieeretnricutispnrtaru,aquilonisct
809 1741 907 1805 austri,
929 1746 1046 1808 etpost·
1096 1750 1167 1806 saut,
1193 1744 1220 1797 iu
1236 1753 1376 1812 portarum
1397 1748 1467 1802 ostio
1484 1749 1671 1807 holocaustum
1691 1754 1792 1811 lavant.
1823 1757 1894 1817 lhos

246 1840 358 1896 mlum
373 1838 632 1904 3ι18ῑῐί,θῐῑθΰῑῑ5θῑ
647 1835 798 1906 θιῦῑῑῡηῑθῖ
809 1834 862 1891 Sed
875 1832 898 1888 ti
910 1830 1046 1902 aquilonis
1095 1838 1197 1892 etenim
1206 1840 1268 1908 qriis
1277 1855 1327 1910 pro
1338 1841 1434 1895 timore
1448 1844 1643 1914 onmipotentis
1654 1847 1760 1903 homini
1773 1865 1834 1908 esar
1844 1867 1894 1923 pa-

245 1928 360 1985 nominc
382 1927 520 1999 gentilitas
538 1926 706 1997 designatur,
726 1925 834 1979 cunctis
860 1923 981 1979 studiose
1003 1921 1044 1976 le·
1097 1929 1168 1985 tiens
1181 1932 1289 1987 devovit
1302 1952 1308 1986 ε
1321 1933 1387 1988 nulli
1402 1936 1554 1990 conuicium
1569 1953 1620 2009 pro
1632 1941 1755 1997 conuicio
1767 1945 1893 2012 rectae,

245 2018 375 2088 8⁰¹¹fibl¹⁸
403 2018 498 2087 liquet,
533 2016 597 2085 ΨΜ
623 2025 686 2069 θῃῑθ
705 2013 875 2085 Si¹¹³808³¹¹¹
908 2011 1046 2082 bessiifflss
1096 2021 1187 2074 omnia
1213 2022 1404 2092 equanimiter
1427 2025 1552 2080 tolerare.
1577 2028 1611 2081 tu
1634 2014 1802 2087 tamencum
1821 2035 1893 2090 huuc

247 2110 312 2166 5⁰5²·
326 2109 394 2165 Nfflss
411 2108 501 2164 flebit
517 2109 590 2179 dise,
610 2123 624 2162 ³
638 2122 692 2175 <1¹¹⁰
705 2106 810 2162 Πθῦῑῖῑῑ
827 2103 953 2176 appellati
968 2110 1041 2166 subl,
1058 2096 1081 2155 Β
1097 2112 1260 2167 contumelia
1280 2113 1315 2167 ab
1328 2129 1376 2169 ore
1387 2117 1503 2184 proximi
1518 2117 1592 2172 illata
1611 2121 1703 2176 subito
1715 2127 1891 2194 percusserit,

245 2215 284 2256 01
297 2199 421 2271 dentibus
437 2198 540 2254 tlessltls
559 2208 610 2254 0⁸1·
636 2196 746 2252 Dicatur
769 2211 835 2267 ertio
858 2206 936 2265 putta
951 2195 1042 2250 orien·
1099 2201 1223 2258 turbatos
1237 2202 1305 2259 sorte
1319 2205 1419 2275 aliquid
1437 2206 1568 2277 loquitur,
1592 2212 1664 2279 quod
1680 2212 1752 2282 loqui
1772 2230 1824 2270 nnn
1845 2215 1892 2271 :le-

246 2291 313 2347 talis
326 2298 389 2346 ante
402 2299 507 2361 portam
519 2289 654 2360 aquilonis
667 2297 695 2343 et
710 2288 805 2350 austri,
831 2288 1043 2357 tpiiiaindiriui·
1097 2290 1156 2346 buit
1180 2310 1186 2346 :
1211 2302 1285 2349 certe
1308 2295 1360 2351 istc
1384 2297 1440 2365 jam
1455 2297 1641 2355 holocaustum
1654 2312 1707 2366 cst,
1730 2305 1777 2359 scd
1805 2307 1893 2363 ailoe

247 2393 368 2440 tetcsna
385 2384 513 2440 boritiuus
524 2392 587 2436 aitte
601 2380 778 2451 geritilitatem
791 2386 820 2434 et
831 2377 949 2433 iudaeam
965 2387 1044 2435 natus
1098 2380 1269 2449 ineptiinatum
1291 2402 1297 2436 :
1322 2384 1438 2441 fortasse
1469 2396 1562 2442 contra
1596 2390 1686 2446 illatas
1716 2397 1894 2455 cautriuclias

247 2485 303 2540 est,
321 2473 385 2544 qitia
396 2482 424 2528 et
438 2484 502 2527 ante
515 2472 606 2527 onrriia
620 2471 729 2526 secula.
749 2470 860 2524 hicatur
874 2484 939 2525 uero
953 2485 1045 2524 narra-

223 2579 226 2583 *
249 2567 324 2621 tione
333 2566 508 2634 subsequenti
522 2573 600 2633 porta
618 2564 715 2627 austri,
729 2562 844 2617 orientis
855 2571 883 2616 et
893 2562 1043 2632 aquilonis:

248 2656 314 2725 quia
329 2655 493 2725 liuderirptor·
507 2664 599 2710 noster
612 2654 639 2707 in
657 2654 774 2708 huumna
793 2660 891 2707 tratura
911 2653 982 2707 inter
998 2652 1046 2707 iu·

247 2745 339 2801 wanti
355 2754 383 2799 et
405 2745 583 2817 gentilitatem
608 2746 682 2799 uasci
702 2744 829 2812 diguatus
841 2752 893 2809 cst,
915 2745 1044 2812 quietio

249 2838 306 2891 tine
318 2837 468 2907 synagoge
482 2836 563 2897 uenit,
578 2843 605 2889 ct
615 2843 678 2887 aitte
693 2833 798 2887 initium
813 2832 949 2898 Ecclesiae,
962 2846 1045 2901 quiam

249 2944 282 2983 ex
299 2927 426 2997 gentibus
438 2925 555 2997 collegit.
586 2925 614 2978 lu
626 2927 713 2994 prirua
725 2937 802 2993 crgo,
828 2922 918 2985 idest,
944 2921 1046 2976 descri-

250 3018 354 3089 ptione,
390 3018 426 3072 sit
442 3016 584 3071 orientalis
601 3024 679 3085 porta
707 3025 770 3068 aute
789 3022 894 3083 portam
913 3012 1046 3081 aquiiionis

249 3118 280 3164 et
290 3109 385 3163 austri.
412 3110 442 3163 ht
458 3107 575 3163 secuttda
597 3113 687 3161 alitem
712 3104 898 3174 trini-porum
912 3103 997 3158 austri
1018 3109 1046 3157 et

250 3200 397 3269 aquilonis,
420 3186 625 3267 orientispnrta
648 3195 813 3248 norriiuetur.
838 3192 907 3259 Quia
921 3201 993 3247 etex
1003 3191 1045 3245 di·

251 3292 366 3347 ciuitate
387 3289 534 3345 antecessit
557 3287 658 3351 curma,
689 3295 716 3339 et
730 3299 762 3340 ex
779 3285 947 3340 humanitate
971 3282 1047 3338 uenit

250 3382 325 3437 inter
342 3381 433 3436 omnia
451 3398 457 3435 :
485 3378 573 3448 quiet
590 3376 744 3433 decedentis
761 3374 860 3431 iudam
878 3374 939 3430 dois
957 3373 1046 3429 sactus

1098 2476 1255 2543 patientiam
1270 2478 1402 2545 exhibuit,
1424 2480 1522 2536 tacitus
1549 2486 1708 2552 permansit,
1735 2489 1782 2543 sed
1803 2498 1893 2547 latiren

1098 2571 1193 2618 eontra
1207 2565 1315 2620 easdem
1327 2568 1517 2634 contumelias,
1532 2586 1599 2639 uitas
1615 2581 1712 2642 portal,
1729 2576 1820 2633 dolore
1835 2590 1895 2635 tari·

1099 2653 1181 2722 gitur,
1208 2653 1320 2724 ejusque
1341 2657 1448 2713 animus
1473 2658 1499 2712 in
1519 2660 1653 2716 charitate
1676 2666 1823 2720 struimur.
1845 2667 1895 2725 Ιί-

1100 2742 1194 2795 ticutia
1207 2743 1279 2796 enim
1294 2759 1356 2797 uera
1366 2753 1417 2810 est,
1430 2760 1490 2815 quse
1501 2756 1528 2801 et
1542 2747 1628 2816 ipsum
1643 2760 1726 2814 amat,
1740 2767 1820 2821 quiem
1832 2767 1895 2826 pur·

1101 2838 1140 2884 tat
1163 2848 1169 2884 :
1197 2846 1258 2885 nam
1272 2831 1389 2887 tolerare
1404 2835 1452 2890 sed
1466 2835 1566 2900 odisse,
1589 2853 1641 2890 non
1656 2846 1697 2891 est
1717 2841 1801 2894 nutus
1817 2858 1894 2898 man·

1099 2922 1259 2985 siictudinis,
1274 2924 1321 2977 scd
1334 2923 1515 2980 velamentum
1527 2925 1635 2982 luroris.
1653 2928 1701 2983 llic
1718 2930 1808 2999 itaque
1823 2946 1896 3003 cipe

1101 3013 1126 3066 in
1143 3013 1308 3084 cogitatione
1333 3030 1382 3070 sua
1407 3030 1437 3071 se
1454 3015 1569 3084 judicat,
1594 3019 1769 3087 reprehendit
1792 3034 1894 3077 semet·

1100 3104 1188 3172 ipsum
1213 3106 1276 3174 qnia
1303 3105 1375 3162 dolet
1398 3128 1404 3161 :
1426 3124 1476 3163 nce
1504 3116 1593 3164 tannen
1617 3111 1687 3180 apud
1714 3126 1744 3166 se
1768 3112 1898 3183 praevalet

1099 3196 1223 3251 obtinere
1238 3212 1272 3251 ue
1289 3197 1388 3252 doleat.
1403 3198 1463 3253 iarn
1476 3214 1541 3270 ergo
1552 3214 1600 3270 per
1613 3201 1712 3255 bonam
1725 3203 1897 3260 devotionem

1100 3287 1285 3342 holocaustum
1300 3297 1352 3353 est,
1375 3290 1422 3343 sed
1440 3297 1529 3344 tannen
1548 3306 1596 3359 per
1608 3291 1739 3357 dolorem,
1764 3309 1818 3363 qino
1837 3303 1898 3349 tan·

1100 3380 1172 3450 gitur
1186 3379 1273 3433 adbuc
1290 3380 1469 3449 inquinatum.
1483 3380 1558 3436 dhus
1570 3396 1602 3436 ea
1621 3396 1681 3451 qirac
1690 3385 1811 3454 possidet
1825 3384 1896 3454 nprud

250 3485 313 3541 est,
331 3484 359 3528 et
377 3474 566 3540 subsequentis
580 3470 738 3541 gentilitatis
752 3467 868 3522 initium.
881 3466 966 3537 igitur
984 3466 1047 3536 quia
1061 3454 1084 3516 C
1099 3471 1276 3540 semetipsum
1295 3472 1415 3527 decrevit
1436 3474 1618 3543 indigentibus
1641 3486 1737 3531 cirueta
1761 3476 1896 3543 tribuere,

251 3579 302 3632 ea,
319 3579 380 3636 quse
408 3565 521 3619 incedam
548 3564 618 3619 dicta
639 3559 764 3625 lucrant,
794 3565 823 3611 at
850 3556 964 3611 hortiiru)
992 3555 1046 3608 iar-

249 3658 342 3730 giente
358 3654 505 3726 potuimus,
534 3654 622 3709 rimati
642 3667 747 3715 sorcius,
780 3658 930 3717 cteaqnae
949 3647 1048 3715 saepius

249 3750 309 3805 sint
325 3747 454 3817 rephcata
480 3744 712 3800 transcurrimus:
730 3757 802 3795 mum
823 3740 856 3794 ad
868 3754 898 3795 ca
914 3738 1047 3804 uenimus,

250 3855 314 3909 qnia·
336 3838 376 3892 sie
391 3837 444 3905 janu
464 3835 651 3906 perordinem
671 3833 806 3894 dicuutur,
835 3839 864 3884 ut
883 3829 910 3884 iu
922 3829 962 3883 cis
980 3842 1049 3896 pene

252 3928 320 3984 nihil
334 3929 368 3983 de
383 3928 435 3992 his,
455 3942 515 3996 qrrne
528 3926 599 3980 dicta
614 3933 687 3989 suut,
716 3922 870 3991 replicetur.

292 4039 301 4072 ι
328 4021 358 4075 h't
370 4037 418 4090 per
432 4019 535 4089 singula
552 4016 744 4087 gazophylacia
755 4015 854 4069 ostium
874 4014 900 4068 in
914 4013 1049 4068 bentibus

255 4136 266 4166 ι
288 4115 441 4186 portarurn,
454 4115 488 4169 ibi
508 4114 636 4168 latebant
654 4111 851 4167 holocaustum.
872 4130 882 4162 i
915 4108 1048 4181 (δωρον.)

251 4204 452 4276 Gazophylacia
466 4204 591 4274 superius
603 4203 720 4257 diximus
733 4203 814 4258 corda
826 4203 979 4264 deletorum,
990 4216 1050 4269 qliae

252 4298 375 4354 scientie
397 4296 504 4352 divitias
530 4306 641 4351 serrant
656 4313 662 4349 :
679 4296 781 4351 lroutes
793 4305 883 4350 antem
909 4303 1049 4363 portarum

253 4399 318 4446 sunt
348 4390 429 4444 rerba
455 4397 536 4457 atque
561 4403 642 4457 opera
663 4387 884 4458 predicatorum,
904 4385 1049 4455 inquibus

253 4495 302 4535 eos
327 4477 392 4533 ioris
411 4479 594 4550 agnoscimus,
623 4476 716 4547 quales
740 4477 810 4545 apud
827 4491 857 4531 se
886 4476 1050 4531 intrinsecus

253 4569 358 4623 uiuant.
383 4567 430 4624 Est
445 4577 535 4622 autem
555 4567 654 4620 ostium
673 4581 721 4635 per
735 4564 927 4636 gazophylacia
943 4564 1050 4635 singula

252 4662 282 4717 iu
302 4659 436 4714 frondibus
449 4667 589 4728 portarum
604 4674 610 4710 :
626 4657 688 4726 ‹pdo
710 4655 895 4725 ornusquisque
912 4655 1008 4709 doctor
1021 4655 1049 4709 in

1100 3561 1167 3615 nihii
1188 3562 1297 3617 sibimet
1318 3579 1470 3627 reservare,
1495 3566 1579 3619 uitam
1597 3582 1674 3620 suain
1696 3569 1744 3623 soii
1772 3581 1898 3639 supernas

1098 3650 1287 3721 gubernationi
1311 3652 1489 3707 committere.
1512 3653 1565 3708 Sed
1590 3656 1653 3708 dum
1677 3658 1777 3724 praebet
1797 3675 1898 3730 paupe-

1099 3741 1176 3795 rihus
1189 3757 1249 3811 quse
1263 3742 1353 3807 habel,
1370 3742 1484 3798 tortasse
1510 3745 1638 3814 cogitatio
1656 3749 1753 3804 mentis
1769 3751 1895 3821 subripit,

1099 3846 1159 3901 qiua
1171 3830 1256 3886 dicit:
1273 3833 1345 3888 unde
1358 3835 1433 3888 vives
1447 3834 1470 3889 si
1483 3843 1581 3889 cuncta
1592 3836 1716 3892 dederis?
1728 3839 1782 3894 Nec
1806 3850 1898 3898 tarni-n

1100 3923 1206 3979 desistit
1230 3926 1351 3980 tribucre
1375 3944 1381 3979 :
1409 3928 1456 3981 sed
1475 3927 1547 3997 qttnd
1571 3928 1648 3984 lehis
1669 3930 1735 3985 clarc
1765 3945 1897 4003 coipcrat,

1099 4016 1272 4085 postmodum
1298 4016 1384 4071 tristis
1412 4018 1523 4087 prebet.
1551 4019 1621 4086 Quid
1645 4019 1723 4088 hrains
1748 4036 1824 4078 niens
1845 4025 1897 4081 nisi

1100 4106 1293 4161 misericordie
1317 4105 1503 4162 holocaustum
1527 4117 1584 4174 est,
1607 4113 1654 4164 sed
1678 4118 1767 4166 tamen
1785 4129 1833 4183 per
1847 4115 1865 4167 li
1875 4118 1896 4170 i·

1099 4197 1201 4251 stitiam
1215 4196 1385 4267 cogitationis
1396 4197 1586 4267 inquinatum?
1596 4198 1649 4253 hut
1663 4201 1734 4255 enirn
1747 4201 1898 4259 deliberare

1100 4304 1205 4343 sumnia
1228 4306 1281 4344 uon
1296 4290 1401 4354 debuit,
1430 4299 1476 4344 aut
1497 4299 1558 4362 post
1572 4291 1795 4349 deliberationem
1824 4295 1900 4349 nubo

1100 4382 1181 4437 modo
1204 4382 1339 4437 dubitare.
1370 4382 1447 4438 Alius
1469 4391 1625 4455 contempta
1653 4386 1746 4440 nrtmdi
1771 4385 1897 4457 superbia

1099 4471 1219 4525 linitores
1237 4478 1318 4539 atque
1333 4469 1477 4540 dignitates
1494 4472 1574 4542 liujus
1596 4473 1686 4527 seculi
1713 4475 1833 4529 decrerit
1857 4476 1898 4529 ri·
1927 4512 1930 4543 ς

1101 4570 1176 4616 tare:
1192 4559 1316 4616 ultimum
1338 4562 1438 4632 appetit
1462 4563 1533 4617 inter
1544 4564 1668 4618 homiues
1690 4564 1777 4618 locum
1794 4574 1896 4629 terrere,

1100 4662 1129 4706 ut
1150 4661 1223 4708 tauto
1241 4653 1374 4708 excelsior
1394 4654 1547 4708 inveniatur
1566 4654 1591 4708 in
1611 4654 1780 4722 perniuncuti
1796 4636 1907 4724 gloria,¹

254 4767 303 4807 cor
314 4752 337 4806 'e
353 4751 484 4805 aitiiitoris
499 4749 665 4804 intellectum
678 4749 765 4817 aruerit
780 4748 806 4801 io
820 4748 899 4803 dictis
915 4757 942 4802 el
955 4748 1047 4817 operi·
1101 4752 1202 4812 utrarito
1222 4744 1350 4799 humilior
1370 4743 1500 4814 aspicitur
1517 4744 1544 4798 iu
1561 4744 1709 4796 transeunti
1723 4742 1786 4796 vita.
1801 4742 1826 4821 is
1842 4741 1893 4797 tr-

253 4842 306 4896 bus
323 4840 445 4895 Patium.
471 4841 538 4896 ilum
558 4839 630 4894 euim
646 4838 718 4895 Petri
738 4838 851 4908 apostoli
877 4840 1047 4909 predicatio·
1103 4845 1174 4890 tasse
1193 4851 1254 4890 cum
1270 4841 1330 4891 sese
1350 4835 1439 4889 subito
1465 4833 1620 4902 aproximo
1636 4831 1736 4902 despici
1762 4834 1895 4903 agnoscit,

255 4948 318 4987 nem
336 4932 508 4995 discutimus,
539 4947 600 4986 cum
626 4930 701 4984 Pauli
728 4931 808 4985 realia
833 4939 1048 4998 perscrutamur,
1100 4926 1260 4995 dedignatur
1274 4940 1323 4979 cur
1341 4923 1487 4992 despicitur
1501 4942 1509 4976 a
1525 4920 1701 4991 vultquilem
1720 4923 1821 4976 esseio
1838 4922 1896 4979 loco

253 5037 317 5079 cum
329 5020 442 5076 Jiiartuis
454 5022 627 5092 Euangeliou
643 5021 852 5090 investigamus,
879 5030 961 5091 alque
979 5023 1050 5077 iuter
1102 5016 1207 5081 huiiiili,
1219 5016 1265 5070 sed
1285 5023 1376 5068 uuicti
1401 5012 1503 5068 attendi
1524 5011 1734 5081 contemptibilis
1757 5027 1809 5065 nou
1828 5012 1895 5067 uult.

253 5112 315 5169 hae
340 5114 429 5167 rcrlzis
449 5114 586 5168 auditores
605 5121 712 5169 nostros
733 5114 766 5167 ad
779 5113 917 5169 irreliorem
946 5115 1051 5171 intelle-

254 5213 329 5261 ctum
345 5204 486 5270 trahimus,
517 5206 582 5275 quid
601 5206 672 5260 aliud
686 5207 792 5278 agimus
821 5206 872 5262 nisi
896 5210 996 5263 ostium
1023 5211 1050 5265 in

254 5304 396 5369 portarurn
423 5297 558 5352 irotuibus
583 5298 747 5368 aperimus?
774 5298 885 5352 Dicatur
905 5314 971 5370 ergo
1002 5315 1051 5369 per

254 5389 361 5461 singula
385 5389 574 5460 gazophylacia
597 5390 696 5445 ostium
713 5388 738 5443 iu
751 5389 886 5445 frontibus
899 5398 1048 5459 portarum,

255 5485 321 5556 quia
333 5484 356 5538 si
370 5485 465 5538 doctor
478 5484 538 5546 hoc,
551 5482 622 5552 qriod
632 5482 760 5553 luqiiitnr,
774 5481 956 5552 apostolorum
970 5482 1051 5538 dictis

255 5575 369 5632 minume
394 5574 547 5639 eoiihrmat,
574 5574 600 5629 in
621 5572 756 5628 homibus
784 5581 924 5643 portarum
949 5573 1048 5628 ostium

256 5682 311 5723 iton
321 5666 402 5721 habu
414 5684 421 5720 :
434 5666 485 5720 cui
500 5665 599 5720 ostium
612 5680 665 5719 uon
679 5664 768 5727 hahet,
783 5663 834 5718 dici
845 5660 901 5731 jain
915 5663 1050 5734 gazophy-

255 5761 356 5815 lacium
370 5759 499 5830 spiritalis
515 5758 621 5813 aedilicii
633 5774 686 5812 nou
706 5764 795 5828 potest
809 5776 815 5810 :
831 5757 893 5826 unia
911 5757 935 5811 si
954 5757 996 5811 his
1011 5756 1051 5811 iu-

257 5852 394 5908 tellectum
424 5866 476 5906 non
491 5850 587 5921 aperit,
617 5850 712 5905 doctor
736 5854 862 5903 nonest.
889 5846 957 5902 Cum
986 5861 1050 5901 vero

257 5947 396 6002 audimres
410 5945 472 5999 troni
491 5958 539 6012 per
550 5958 596 5997 ora
614 5942 766 5998 docentium
781 5939 963 6010 apostolorum
978 5939 1050 5994 dicta

257 6044 284 6092 ct
297 6050 379 6106 opera
403 6041 582 6104 cognoscunt,
606 6032 698 6102 culpas
720 6047 785 6087 sitas
802 6030 872 6101 apud
888 6029 1050 6098 sctuetipsos

1103 5108 1180 5163 lluiic
1199 5107 1254 5177 jain
1269 5106 1376 5162 devotio
1390 5103 1490 5169 elevat,
1511 5103 1558 5159 sed
1569 5104 1657 5158 adbuc
1676 5103 1819 5159 intirmitas
1835 5118 1897 5175 graa

1104 5209 1158 5254 rat.
1178 5200 1238 5255 iarn
1252 5213 1316 5268 ergo
1327 5212 1374 5268 per
1387 5198 1556 5253 devotionem
1577 5196 1762 5253 holocaustum
1776 5206 1828 5263 est,
1848 5197 1895 5257 scd

1103 5292 1191 5345 adbuc
1204 5306 1237 5345 ex
1256 5288 1414 5344 infirmitate
1436 5286 1616 5356 inquinatum.
1638 5286 1670 5341 tlt
1686 5288 1785 5357 itaque,
1807 5288 1853 5357 qui
1867 5289 1896 5344 iu

1101 5384 1152 5447 cis,
1164 5398 1224 5453 qliae
1239 5382 1340 5453 optime
1356 5381 1531 5446 devoverunt,
1556 5379 1645 5449 aliqua
1661 5379 1828 5434 inllrrnitatis
1841 5393 1896 5432 sue

1101 5476 1180 5544 culpa
1191 5483 1347 5545 tanguntur,
1370 5487 1431 5525 curu
1443 5484 1491 5540 per
1505 5471 1587 5525 rerba
1602 5470 1742 5525 doctorum
1758 5468 1828 5523 dicta
1843 5468 1895 5522 l'n-

1102 5574 1173 5620 tram
1197 5562 1359 5630 intelligunt,
1383 5567 1411 5615 et
1427 5560 1454 5615 in
1472 5558 1660 5630 quantaculpa
1684 5558 1791 5626 jaceant
1814 5571 1895 5626 agrio-

1101 5664 1192 5720 scunt,
1224 5670 1308 5724 seque
1328 5654 1401 5723 ipsos
1424 5653 1590 5723 pernitentiis
1611 5650 1736 5705 lauwiuis
1752 5648 1893 5702 alliciente

1101 5750 1287 5804 holocaustum
1308 5744 1422 5800 inustio
1440 5750 1579 5813 portarum
1609 5740 1709 5794 larunt.
1743 5737 1889 5791 Sciendum

1101 5857 1167 5895 uero
1181 5848 1233 5904 cst,
1251 5837 1376 5909 quiahoc
1395 5836 1466 5891 inter
1481 5833 1643 5890 sacrificium
1662 5838 1743 5899 atipre
1763 5828 1891 5882 holocau-

1101 5942 1173 5989 stum
1198 5932 1280 5986 distat
1301 5948 1306 5982 :
1326 5926 1398 5999 quod
1421 5942 1502 5982 cortic
1521 5924 1706 5980 holocaustum
1729 5920 1890 5975 sacriticimn

1100 6034 1152 6089 est,
1168 6022 1280 6078 sednon
1302 6033 1381 6075 nutare
1394 6016 1556 6073 sacrificium
1576 6013 1772 6070 liolocaustum.
1797 6009 1826 6065 hi
1846 6025 1875 6064 sa
