4500 6842
303 698 371 757 tlte

646 693 676 748 B.
697 689 823 747 habant
841 687 949 745 ldelll
966 687 1126 745 necuter.
1148 684 1303 744 uoobur.
1322 685 1464 743 ot‘eubtt
1479 686 1568 742 PARS
1585 686 1619 742 ιι.

1881 687 1946 743 tlte

302 807 370 865 Natu
388 817 415 863 et
430 807 519 863 curnis
537 803 660 871 corporis
684 817 780 857 seusus
802 802 829 855 iu
853 801 941 870 eapite
959 800 1090 855 contineri
1106 800 1186 863 Asai
1204 797 1369 868 perspicacia
1383 798 1512 867 perspicit
1529 811 1562 851 ea
1582 812 1643 867 quan
1656 797 1804 869 provenire
1820 775 1944 867 Ῑιοεειιιιι,

302 900 484 957 certissimum
500 905 552 952 est.
591 894 645 950 Sed
665 895 716 949 etsi
740 894 827 963 aliqua
853 893 946 947 laetitia
972 901 1091 946 mentem

303 988 450 1051 obsederit,
473 986 564 1040 statim
579 983 669 1039 vultus
692 981 829 1037 hilaritate
845 990 1019 1036 monstratur.
1043 979 1090 1034 Sin

304 1089 393 1133 auteur
412 1075 577 1146 perturbatio
600 1073 799 1142 supervenerit,
822 1087 874 1125 non
896 1070 1028 1125 viscerum
1051 1069 1092 1122 in·

303 1166 495 1223 conmroditate
510 1179 665 1234 gravamur,
685 1163 735 1217 sed
746 1163 861 1232 quodam
875 1172 984 1230 stupore
997 1162 1092 1230 capitis

303 1258 431 1313 continuo
452 1255 696 1326 apprehendimur:
713 1256 870 1318 intantum,
904 1262 933 1306 ut
948 1254 1035 1323 ipsum
1055 1254 1093 1306 vi-

304 1362 364 1401 sum
378 1346 519 1411 obtundat,
543 1354 571 1400 et
584 1345 704 1398 auditum
726 1342 904 1413 stupefaciat:
931 1350 959 1396 ει
971 1343 1093 1413 quaedam

304 1436 381 1506 sigua
393 1435 584 1503 indignationis
595 1435 685 1489 anima
699 1434 735 1489 ibi
749 1432 927 1503 derelinquat.
943 1433 1018 1499 Quod
1031 1448 1093 1487 ειιιιι

304 1527 343 1581 ita
357 1527 402 1591 sit,
425 1533 497 1579 recto
518 1524 682 1580 credendum
696 1531 737 1578 cst
762 1523 879 1578 animam
891 1523 918 1576 in
930 1523 1030 1577 vertice
1052 1538 1094 1576 se-

304 1616 365 1670 ιιειιι
378 1615 489 1669 habere.
516 1614 568 1668 Sed
584 1613 646 1682 quin
662 1613 755 1682 paucis
777 1612 810 1666 de
821 1612 910 1665 anima
925 1611 1026 1666 dictum
1041 1619 1093 1674 est,

304 1720 388 1776 quare
401 1705 489 1758 arrirua
503 1704 618 1767 dicatur,
632 1702 673 1758 rel
689 1703 753 1771 quid
765 1703 812 1768 sit,
826 1701 949 1757 refunde
964 1701 1094 1773 originem

304 1796 413 1859 babent,
434 1804 480 1849 aut
492 1796 515 1850 si
527 1792 641 1848 formam
653 1794 753 1848 habere
766 1794 903 1859 credatur,
923 1792 965 1848 vel
979 1792 1024 1848 ubi
1038 1808 1095 1846 ma-

305 1886 378 1942 xime
396 1886 473 1940 sedes
494 1886 577 1955 ipsius
599 1900 658 1939 esse
681 1885 815 1950 credatur,
844 1900 916 1940 nunc
937 1885 970 1939 ad
983 1884 1095 1938 virtutes

304 1976 362 2044 ejus
390 1976 506 2032 morales
523 1976 723 2047 exprimendas,
764 1974 904 2031 flectamus
930 1976 1094 2030 articulum:

305 2074 386 2136 atque
401 2066 533 2137 imprimis
552 2067 741 2138 indagandum,
763 2067 828 2137 quid
852 2067 887 2121 sit
903 2067 999 2122 virtus.

625 2179 739 2235 CAPUT
757 2179 798 2233 ιιι.

305 2271 345 2328 De
355 2272 490 2327 virtutibus
504 2272 559 2341 ejas
577 2271 740 2325 moralibus:
754 2282 777 2326 et
791 2272 875 2342 primo
884 2272 947 2343 quid
961 2272 993 2327 sit
1004 2272 1093 2327 uirtus.

342 2381 412 2436 Sunt
430 2395 495 2450 ergo
509 2382 623 2435 uirtutes
636 2381 732 2434 animae
745 2389 862 2450 quatuor
874 2382 988 2436 morales
1001 2401 1007 2436 :
1031 2399 1095 2453 pru·

306 2472 398 2527 deutia
411 2472 525 2536 scilicet,
538 2470 678 2535 fortitudo,
693 2469 800 2539 justitia
811 2482 891 2541 atque
905 2475 1092 2542 temperantia.

307 2562 361 2619 Sed
380 2564 509 2633 quoniam
529 2564 579 2619 bas
600 2564 715 2618 virtutes
743 2564 928 2628 norninamus,
952 2565 1094 2621 dicendum

307 2654 406 2725 primo,
441 2668 524 2723 qnare
543 2655 628 2708 rirtus
651 2653 768 2719 dicatur,
789 2653 831 2708 vel
855 2654 918 2722 quid
942 2655 978 2709 sit
999 2656 1093 2711 uirtus.

307 2741 399 2795 Virtus
413 2741 511 2795 dicitur
530 2742 593 2807 ari,
620 2741 646 2795 id
661 2751 711 2807 cst,
731 2740 927 2797 afortitndiue.
949 2743 1014 2809 Quae
1034 2744 1095 2798 ideo

308 2830 397 2885 taliter
411 2830 519 2895 dieitur,
539 2831 601 2899 quia
617 2838 712 2884 cuncta
733 2846 793 2900 quae
806 2832 949 2900 provenire
970 2840 1094 2901 possunt,

307 2921 422 2991 quadam
446 2922 471 2974 ri
492 2922 590 2975 trientis
614 2921 751 2989 arriruique
776 2922 872 2976 robore
897 2921 1020 2976 sustinet.
1038 2922 1096 2975 'Est

308 3027 374 3083 ergo
387 3013 472 3068 rictus
491 3013 579 3068 omnis
595 3021 688 3067 sancta
705 3028 759 3077 ros,
784 3012 927 3067 invisibilis
951 3021 1032 3081 atque
1056 3012 1096 3066 iu·

309 3116 449 3171 corporea,
484 3110 587 3167 sanem,
617 3102 803 3166 mundissima,
831 3117 993 3171 prorsusque
1021 3102 1095 3156 omrri

308 3206 404 3247 carens
426 3190 506 3245 malo.
534 3191 600 3257 Quae
614 3193 659 3247 uhi
682 3193 823 3258 manserit,
838 3201 933 3247 cerreta
949 3201 1041 3247 saneta
1056 3191 1096 3246 la-

307 3280 356 3344 cit,
379 3280 488 3346 munda,
509 3279 597 3346 ssrma,
618 3289 698 3351 atque
710 3282 825 3336 stabilia.
845 3282 931 3347 Quam
944 3283 1032 3336 nullus
1056 3283 1095 3336 iu·

307 3369 379 3424 ritus
406 3369 515 3440 accipit,
547 3370 636 3425 nullus
662 3372 760 3440 perdit,
790 3371 842 3426 nisi
862 3372 908 3442 qui
931 3387 979 3426 sua
999 3380 1095 3441 sponte

307 3460 424 3528 perditui
437 3460 615 3530 deceptuique
634 3461 747 3516 dederit.
769 3463 834 3530 Qum
854 3463 936 3517 etiam
950 3464 987 3517 ita
1000 3463 1095 3517 dillhri·

308 3558 373 3605 tur:
400 3550 491 3608 Virtus
506 3561 548 3608 est
569 3554 652 3607 animi
666 3553 783 3621 habitus,
804 3555 888 3610 deciis
902 3556 963 3609 ritoe
975 3556 1097 3609 rationa-

307 3639 378 3706 bilis,
394 3641 533 3712 dispositio
551 3657 666 3707 morum,
680 3644 788 3713 pietatis
800 3645 942 3715 appetitus,
956 3646 1099 3715 omnisque

308 3735 404 3801 houur,
425 3739 565 3808 cultusque
579 3739 698 3794 deitatis.
711 3740 791 3807 Qirm,
805 3741 875 3795 sicut
888 3741 1050 3805 dictumest,
1071 3741 1097 3794 in

309 3835 425 3896 quatuor
439 3829 566 3883 dividitur
580 3830 697 3885 nroralcs
708 3832 830 3885 tirtutes.
856 3831 920 3898 Quae
934 3832 993 3886 ideo
1006 3846 1096 3885 uiora-

262 3976 268 3992 ι
308 3914 348 3971 les
369 3918 504 3983 dicuntur,
517 3920 580 3988 quia
591 3936 639 3990 per
652 3936 699 3976 eas
710 3936 800 3976 mores
811 3923 949 3977 hominum
962 3938 1097 3977 exornan-

311 4015 353 4061 tur
374 4016 454 4077 atque
469 4010 641 4064 decorantur.
669 4010 736 4065 Nam
751 4012 773 4066 si
792 4012 933 4082 prudentia
957 4013 1095 4069 hommum

308 4097 387 4162 desit,
415 4098 577 4154 hebetudine
606 4100 688 4154 animi
712 4101 840 4155 continuo
861 4103 1029 4171 deturpatur.
1068 4103 1096 4157 Si

310 4187 438 4244 fortitudo
449 4190 530 4252 absit,
545 4189 685 4245 confestim
699 4190 875 4246 imbecillitati
888 4192 1030 4247 addicitur.
1046 4191 1097 4247 Uli

309 4293 372 4333 reru
381 4280 484 4348 justitia
500 4280 585 4344 abest,
601 4280 662 4349 quis
683 4281 787 4336 nesciat
805 4292 901 4337 cuncta
916 4298 1008 4352 prava,
1031 4298 1098 4337 eun,

306 4376 352 4423 eta
368 4376 445 4430 torta,
467 4368 650 4439 deformiaque
662 4370 779 4426 adesse?
800 4372 847 4426 Sin
866 4383 955 4428 autem
980 4382 1007 4428 et
1031 4381 1098 4428 tem-

308 4458 432 4529 perantia
454 4457 579 4524 defuerit,
607 4461 697 4514 omnia
714 4462 849 4530 superflua
876 4464 1098 4534 modumqueex-
1140 4533 1146 4544 .

309 4550 442 4615 ocilenda,
456 4550 512 4619 ipsa
526 4565 574 4605 sua
589 4551 726 4606 nimietate
736 4553 856 4607 animum
870 4555 1094 4611 dehonestabunt.

310 4640 338 4696 Si
350 4658 413 4713 ergo
428 4643 469 4698 ha·
484 4651 601 4712 quatuor
622 4642 733 4697 virtutes
756 4644 875 4697 animum
892 4645 1007 4699 hominis
1025 4646 1097 4700 ohti-

308 4734 426 4796 nuerint,
450 4734 527 4804 qnasi
542 4742 658 4802 quatuor
671 4734 776 4804 angulis
791 4735 886 4790 domus
910 4737 1095 4800 sustinebitur,

1144 892 1200 948 sire
1213 907 1354 961 prospera,
1370 891 1427 946 sire
1442 892 1555 946 aduersa
1572 910 1579 945 :
1594 899 1624 946 ut
1637 891 1768 946 videlicet
1777 902 1862 947 caute
1874 903 1943 964 agat,

1143 995 1177 1036 ue
1191 981 1334 1051 aliquando
1353 989 1397 1034 aut
1416 981 1551 1050 prosperis
1571 980 1700 1042 elevetur.
1729 988 1777 1034 aut
1802 981 1944 1049 dejiciamr

1144 1074 1275 1128 adrensis.
1294 1073 1359 1139 Quae
1373 1072 1455 1126 etiarn
1477 1072 1530 1126 alie
1550 1074 1659 1128 nomine
1673 1073 1811 1142 sapientia
1834 1073 1942 1135 dicitur,

1144 1178 1176 1218 eo
1187 1164 1258 1233 quod
1272 1163 1299 1216 in
1311 1162 1398 1233 palato
1416 1163 1505 1218 cordis
1514 1164 1613 1233 sapiat,
1626 1164 1690 1232 quid
1702 1162 1833 1231 rejicere,
1848 1165 1943 1234 qnidrc

1145 1254 1173 1309 in
1191 1254 1293 1309 intimis
1311 1252 1435 1321 trajicere
1456 1254 1561 1309 debeat.
1587 1254 1634 1308 Est
1646 1269 1712 1324 ergo
1725 1257 1875 1325 prudentia
1888 1258 1943 1312 sire

1145 1345 1275 1416 sapientia
1300 1360 1392 1400 rerum
1422 1344 1574 1400 divinarum
1605 1346 1662 1399 sire
1687 1347 1889 1410 humanarum,
1916 1349 1940 1402 in

1148 1446 1279 1506 quantum
1292 1435 1392 1490 homini
1405 1436 1571 1499 conceditur,
1584 1436 1708 1489 scientia.
1739 1434 1794 1490 Per
1814 1437 1887 1491 hanc
1902 1438 1941 1490 iu-

1147 1524 1291 1595 telligimns
1310 1524 1375 1595 quid
1388 1525 1549 1589 carendum,
1578 1525 1676 1595 quidve
1690 1524 1852 1595 faciendum
1866 1526 1941 1581 nobis

1145 1615 1190 1670 sit.
1204 1615 1256 1671 Per
1273 1617 1342 1671 hauc
1367 1615 1565 1687 indagationem
1584 1617 1719 1683 veritatis,
1742 1617 1943 1674 hiventiouem-

1146 1722 1199 1777 que
1211 1707 1447 1777 apprehendimus.
1474 1704 1528 1761 Sed
1540 1706 1603 1778 quia
1619 1715 1646 1761 et
1659 1708 1831 1778 appetitores
1853 1710 1940 1764 saeculi

1145 1798 1290 1867 prudentes
1303 1796 1439 1861 dicuntur,
1465 1805 1596 1865 quantum
1610 1797 1680 1851 inter
1694 1812 1726 1852 se
1739 1796 1882 1864 differant,
1905 1800 1942 1853 in-

1146 1889 1297 1961 dagandum
1312 1898 1362 1943 est.
1377 1888 1523 1943 Prudentia
1537 1889 1627 1958 itaque
1648 1889 1751 1952 saculi,
1765 1899 1901 1959 quantum
1915 1892 1941 1945 in

1146 1993 1176 2034 se
1188 1985 1239 2043 est,
1251 1992 1425 2048 eorrumpere
1440 1992 1505 2031 sana
1519 1978 1657 2048 etintegra
1672 1988 1802 2043 conatur,
1814 1978 1943 2033 aliorum-

1147 2084 1198 2139 que
1210 2069 1315 2125 damrris
1327 2084 1375 2123 sua
1390 2068 1465 2124 luera
1476 2070 1567 2139 augeri
1583 2070 1690 2139 gaudet.
1714 2070 1754 2125 De
1777 2071 1833 2125 bae
1850 2071 1939 2125 Domi·

1108 2151 1197 2216 Bnus
1215 2176 1276 2215 cum
1295 2161 1323 2216 ln
1335 2162 1480 2233 Evangelio
1499 2160 1533 2217 de
1544 2162 1633 2217 villica
1647 2163 1806 2232 iniquitatis
1822 2163 1941 2234 loquere-

1145 2259 1199 2316 tur,
1220 2251 1285 2307 dicit
1298 2268 1360 2307 eum
1372 2254 1519 2321 prudenter
1530 2252 1635 2318 fecisse,
1653 2254 1727 2324 quod
1737 2255 1884 2323 dispendio
1894 2255 1939 2309 de-

1145 2343 1210 2398 mini
1228 2344 1280 2408 sui,
1297 2343 1400 2398 lucrum
1416 2345 1580 2414 acquisierit,
1594 2352 1675 2413 atque
1689 2346 1716 2398 in
1733 2344 1861 2399 futurum
1880 2359 1938 2414 pre

1146 2435 1274 2505 spexerit.
1299 2435 1337 2489 De
1356 2450 1410 2504 qua
1425 2434 1566 2504 prudentia
1577 2434 1677 2490 Paulus
1688 2435 1776 2490 dicit:
1793 2432 1939 2490 Prudentia

1145 2524 1231 2578 caruis
1251 2540 1321 2577 mors
1334 2533 1383 2577 est.
1401 2522 1474 2577 flers
1490 2525 1578 2595 utique
1588 2526 1684 2578 anirum
1701 2523 1797 2591 (Roas.
1813 2527 1884 2592 rur).
1906 2526 1939 2577 At

1145 2623 1241 2671 contra
1267 2616 1409 2686 prudentia
1436 2617 1492 2671 sire
1509 2617 1640 2687 sapientia
1655 2632 1717 2687 quae
1730 2618 1807 2672 dono
1822 2617 1876 2672 liei
1895 2633 1938 2671 ac-

1145 2708 1272 2776 quiritur,
1298 2724 1350 2763 uec
1369 2723 1419 2763 suo
1431 2720 1542 2779 peceato
1560 2710 1650 2779 perire
1661 2717 1764 2779 potest,
1781 2711 1935 2765 trecalieuu.

1145 2798 1306 2870 Nullumque
1331 2799 1502 2871 dispendium
1533 2801 1642 2857 aliisob
1665 2802 1789 2871 gratiam
1813 2803 1855 2857 sui
1873 2802 1935 2857 lucri

1145 2889 1234 2946 facere
1247 2892 1331 2961 eupit,
1345 2892 1392 2947 sed
1404 2892 1531 2947 omnihus
1541 2891 1612 2947 sieut
1624 2893 1687 2956 sibi,
1709 2895 1855 2962 providere
1871 2895 1936 2949 desi·

1145 2981 1232 3036 derat.
1254 2982 1292 3037 lie
1306 2998 1359 3052 qua
1373 2983 1515 3053 prudentia
1529 2983 1598 3038 idem
1617 2982 1730 3049 Paulus,
1753 2999 1820 3038 eum
1832 2985 1865 3039 de
1877 3000 1936 3053 prn-

1145 3072 1337 3130 dentiacarnis
1359 3076 1531 3145 disputasset,
1559 3073 1698 3142 sulijunxit
1718 3075 1816 3129 dicens
1838 3093 1845 3131 :
1870 3075 1933 3128 Prs-

1145 3162 1233 3217 dentin
1249 3175 1337 3218 autem
1351 3164 1467 3235 spiritua,
1493 3165 1545 3218 uita
1561 3174 1586 3218 et
1597 3181 1652 3234 pus
1664 3163 1775 3233 (ittet
1795 3164 1872 3232 Quod
1897 3166 1933 3218 ri·

1146 3253 1243 3309 delicet
1261 3254 1294 3310 de
1309 3256 1363 3309 rita
1377 3256 1479 3309 auimae‘
1496 3271 1557 3311 eum
1572 3255 1672 3310 dirime
1690 3263 1777 3324 patet.
1798 3256 1865 3310 Nam
1881 3257 1934 3327 ipsa

1144 3342 1286 3411 prudentia
1298 3343 1445 3410 spiritualis
1468 3358 1575 3414 semper
1588 3345 1621 3399 ad
1635 3358 1700 3398 uera
1724 3352 1752 3398 et
1768 3354 1863 3400 sancta
1878 3355 1932 3400 tea-

1148 3430 1212 3485 dere
1226 3432 1309 3501 cupit,
1334 3432 1609 3503 quanrvisaliquaudo
1627 3430 1748 3488 fallatur.
1777 3434 1854 3502 Quod
1867 3436 1935 3491 ride·

1150 3522 1212 3577 licet
1235 3523 1390 3579 infirmitate
1414 3541 1519 3581 carneae
1541 3526 1653 3581 sarcina
1677 3528 1864 3597 prepediente
1886 3528 1933 3581 fit:

1148 3613 1314 3683 quianullus
1336 3614 1362 3667 in
1376 3628 1458 3670 carne
1471 3616 1586 3686 positus,
1611 3625 1709 3672 cuncta
1729 3618 1853 3687 perfecte
1874 3633 1935 3688 pre·

1148 3700 1240 3757 videre
1265 3710 1292 3757 ει
1307 3718 1402 3758 carere
1422 3714 1520 3772 potest.
1543 3702 1618 3759 Unde
1641 3713 1669 3758 ει
1684 3707 1815 3777 egregius
1837 3707 1934 3768 doctor,

1148 3790 1193 3858 qui
1204 3791 1236 3844 ad
1253 3792 1324 3846 tertii
1341 3793 1401 3848 cudi
1416 3805 1521 3849 secreta
1536 3804 1636 3863 raptus,
1651 3804 1679 3849 et
1692 3796 1815 3865 paradisi
1834 3811 1933 3850 amoena

1148 3882 1353 3952 contemplatus,
1382 3884 1484 3938 audiuit
1497 3886 1617 3953 quaedam
1635 3896 1752 3952 secreta,
1779 3902 1841 3956 que
1853 3888 1934 3942 homi·

1148 3977 1226 4030 nihus
1251 3974 1321 4045 loqui
1346 3992 1398 4030 non
1423 3976 1494 4040 licet,
1521 3977 1571 4033 hac
1594 3977 1718 4033 molestia
1742 3989 1934 4051 praegraratus,

1147 4064 1205 4119 ait:
1226 4062 1346 4119 l'itlemus
1360 4082 1428 4119 nuuc
1442 4066 1630 4136 perspeculatus
1645 4067 1672 4120 iu
1687 4070 1830 4139 enigmate
1841 4069 1865 4142 ιι
1877 4070 1933 4125 Gor.

1148 4154 1218 4226 trit).
1233 4154 1285 4210 Sed
1300 4156 1426 4225 quoniam
1441 4154 1625 4213 fortitudinem
1636 4159 1807 4228 suppeditari
1825 4161 1936 4217 diximus

1148 4264 1164 4302 a
1176 4248 1330 4320 prudentia,
1342 4257 1424 4303 restat
1438 4259 1467 4304 ut
1481 4249 1514 4305 de
1525 4265 1557 4305 ea
1570 4250 1659 4321 aliqua
1677 4251 1814 4309 dieantur.

1441 4396 1554 4453 CAPUT
1573 4396 1637 4454 titt.

1433 4509 1471 4563 Da
1484 4509 1645 4579 fortitudine.

1187 4620 1328 4675 fortitudo
1343 4621 1424 4691 igitur
1437 4629 1480 4676 est
1490 4621 1679 4693 longanimitas
1692 4631 1722 4678 et
1735 4627 1932 4693 perseverantia

1148 4710 1174 4765 iu
1188 4710 1275 4773 bouis,
1291 4709 1484 4779 tolerantiaque
1494 4720 1521 4764 et
1534 4712 1645 4767 victoria
1667 4722 1765 4768 eontra
1779 4716 1869 4769 omnin
1884 4725 1934 4769 teu

309 4839 343 4877 ne
355 4823 406 4876 ulla
419 4824 445 4877 vi
461 4832 650 4892 tempestatum
664 4835 774 4879 corruat
786 4842 792 4878 :
806 4824 854 4878 sed
865 4825 954 4895 potios
964 4825 1094 4895 quidquid
1108 4843 1134 4901 Ι)
1149 4809 1266 4854 ¹³¹¹¹⁰¹¹¹³
1282 4800 1417 4853 ‘smmum'
1446 4800 1511 4869 ΟΜ)
1526 4802 1562 4855 3²³
1583 4803 1674 4858 ²¹¹im⁰
1691 4804 1783 4860 l¹¹⁰⁵⁵⁰
1806 4807 1895 4869 dehet,
1908 4815 1934 4858 ¹¹¹

308 4914 441 4969 aedfficaoe
454 4915 577 4977 ,opum
607 4918 682 4986 quasi
696 4916 850 4970 firmissimo
865 4915 1039 4971 fundamento
1050 4931 1096 4971 su,
1147 4905 1201 4943 nou
1219 4888 1305 4944 solum
1318 4889 1429 4943 adversa
1440 4891 1540 4955 vineat,
1559 4907 1652 4946 rerum
1667 4892 1750 4947 etiam
1765 4906 1862 4950 cuncta
1877 4896 1932 4949 ille·

308 5016 447 5070 perponm.
478 5003 530 5058 Sed
545 5005 603 5060 istan
620 5016 736 5075 quatuor
755 5006 869 5061 virtutes
896 5006 933 5060 ita
957 5006 1008 5061 sibi
1033 5014 1097 5060 sarit
1147 4978 1259 5033 “hm
1283 4985 1311 5033 ⁰²
1332 4978 1491 5049 ‘'⁰¹¹¹l'¹'¹⁰⁵³
1513 4988 1593 5049 mque
1617 4982 1828 5064 dde⁰²²¹i⁰¹l⁰¹¹¹
1848 4986 1933 5039 Μῦς

309 5104 446 5156 connexae,
463 5100 492 5146 ut
512 5093 563 5148 alia
579 5096 637 5150 sine
652 5096 702 5149 alia
722 5096 886 5151 nullomodo
905 5095 1095 5166 perfectionem

309 5181 432 5248 accipere
442 5191 531 5249 queat.
550 5183 617 5237 liam
630 5186 779 5254 prudentia
793 5186 977 5241 fortitudinem
1000 5202 1097 5257 suppe-

308 5270 388 5325 ditari
411 5286 520 5326 necesse
535 5282 585 5328 est.
606 5276 671 5330 ltem
683 5277 868 5333 fortitudinem
887 5278 992 5350 justitia
1014 5295 1095 5335 exor-

310 5369 366 5415 nat.
393 5361 580 5431 'feurperantia
604 5374 691 5420 autem
704 5365 835 5435 justitiam
853 5370 967 5438 quadam
992 5378 1094 5439 teutpe-

309 5457 412 5515 ratura,
429 5467 462 5506 ne
482 5453 551 5507 ultra
572 5454 679 5509 modum
696 5457 857 5523 inardescat,
884 5458 1019 5513 refrenat:
1048 5460 1096 5513 sed

308 5547 398 5602 munia
421 5556 574 5602 mensurato
595 5547 685 5604 faeiat.
712 5549 764 5604 Sed
774 5551 829 5619 iarn
841 5552 998 5622 singillatim
1023 5552 1095 5622 ipsa-

308 5651 368 5692 rum
382 5639 490 5693 nomina
504 5639 617 5696 lucidius
629 5641 794 5711 digerantur,
809 5659 893 5712 quare
907 5644 945 5699 ita
959 5644 1093 5709 dieantur,

308 5728 351 5784 rel
368 5744 428 5798 qme
445 5730 481 5784 sit
492 5731 702 5801 uniuscnjusque
727 5733 887 5802 proprietas.

600 5849 713 5904 CAPUT
737 5849 790 5905 Vll.

591 5939 628 5995 Dc
642 5941 790 6011 prudentia.

1147 5069 1291 5133 moventia,
1308 5078 1418 5139 superet
1434 5079 1461 5123 et
1472 5079 1558 5135 uocet,
1574 5080 1654 5141 atque
1667 5075 1836 5146 exstinguat.
1861 5077 1933 5142 Qirol

1146 5158 1324 5224 satisfecerit,
1341 5160 1403 5231 jure
1423 5161 1552 5219 fortitudo
1564 5163 1678 5223 dicetur.
1704 5164 1773 5219 Nam
1798 5168 1820 5221 si
1842 5168 1933 5221 adrer-

1147 5249 1235 5302 santia
1249 5260 1368 5319 superet,
1390 5250 1526 5307 blanditiis
1544 5268 1606 5310 rem
1620 5255 1770 5324 petulantis
1791 5259 1880 5312 caruis
1892 5274 1932 5311 as-

1147 5339 1256 5404 sentiat,
1270 5355 1324 5393 non
1334 5339 1476 5406 fortitudo,
1490 5342 1538 5397 sed
1550 5343 1677 5399 resolutio
1688 5348 1835 5404 vocabitur
1848 5364 1856 5402 s
1870 5364 1930 5418 que

1146 5426 1219 5481 ulam
1241 5428 1274 5481 ad
1285 5429 1451 5485 delectabilia
1461 5432 1584 5486 solvitur.
1610 5433 1649 5488 lle
1664 5450 1719 5504 qna
1734 5437 1856 5494 breviter
1877 5440 1932 5509 qui-

1146 5516 1207 5573 dern
1224 5520 1272 5574 sed
1288 5521 1477 5576 honestissime
1489 5522 1626 5590 diffinitur,
1642 5541 1706 5579 eum
1718 5527 1839 5583 dieitur:
1852 5529 1931 5585 Nenro

1146 5607 1241 5662 melius
1263 5609 1356 5674 vlncit,
1381 5625 1462 5678 quarn
1476 5612 1522 5682 qui
1534 5613 1651 5683 seipsum
1666 5615 1763 5671 vincit.
1787 5617 1843 5673 Sed
1870 5635 1930 5688 que

1147 5695 1219 5749 niam
1242 5697 1349 5753 virtutis
1365 5699 1445 5769 hujus
1457 5706 1621 5771 nuncupatio
1644 5705 1727 5759 etiam
1747 5708 1784 5762 ad
1799 5710 1930 5764 sinistrum

1147 5787 1301 5850 reflectitur,
1316 5805 1425 5845 neeesse
1438 5802 1480 5847 est
1489 5801 1518 5847 ut
1529 5793 1561 5848 de
1576 5793 1628 5849 bae
1639 5795 1740 5865 aliquid
1753 5800 1871 5856 dicatur.
1888 5802 1930 5855 lii·

1146 5876 1216 5931 citur
1229 5894 1343 5947 namque
1353 5888 1380 5935 et
1393 5879 1521 5936 fortitudo
1534 5881 1675 5949 diabolica,
1688 5885 1722 5940 de
1733 5901 1790 5955 qua
1805 5890 1930 5945 ιιειιιίιιιιε

1145 5964 1179 6018 ad
1192 5966 1297 6020 beatum
1309 5966 1359 6024 Job
1377 5967 1495 6037 loquitur
1509 5988 1515 6024 :
1542 5968 1631 6027 Virtus
1645 5974 1704 6043 ejus
1718 5976 1746 6029 ιἰι
1756 5978 1855 6034 ferehis
1864 5982 1929 6049 ejas,

344 6046 490 6101 Prudentia
516 6047 598 6119 igitur
619 6050 717 6108 dicitur
739 6048 815 6119 quasi
830 6051 1009 6121 providentia,
1033 6071 1093 6125 qua·
1143 6064 1168 6107 et
1196 6054 1322 6123 [ειιιιιιιιυ
1352 6057 1422 6111 illius
1444 6060 1472 6112 iu
1493 6058 1614 6113 arrrrlu'lico
1637 6064 1734 6119 vestrm
1763 6067 1826 6131 eius
1851 6068 1928 6131 (ini.
