4500 6842
298 760 352 818 063
618 761 648 815 Β.
668 757 794 814 odoarii
811 755 921 814 nsunt
938 751 1098 811 necator.
1118 747 1274 808 ttooonr.
1294 743 1437 804 orendil
1454 739 1546 798 PARS
1564 739 1597 797 ll.
1874 729 1929 794 W

298 868 399 939 qulbus
412 869 528 936 cunctis,
547 885 597 926 neo
610 868 772 940 spiritalium
784 877 936 940 parentum,
949 880 1016 937 qnos
1026 878 1083 921 ma·
1096 879 1121 940 g
1134 863 1271 920 mttlldere
1291 860 1318 915 lo
1330 857 1456 923 bomino,
1468 869 1548 926 quant
1562 849 1698 908 couddere
1711 849 1739 904 in
1760 845 1933 918 principibus

299 957 402 1026 glstros
419 957 592 1029 intelligimus
604 957 736 1021 doctrina,
749 972 799 1012 nee
812 958 949 1028 plincipes
960 961 1088 1026 poterunt
1138 950 1224 1025 (Paul.
1232 948 1411 1016 curionum
1428 948 1455 1002 in
1467 945 1634 1019 principibus
1647 950 1752 998 tarnum
1763 938 1868 1004 seculi,
1881 937 1931 995 sed

300 1043 428 1109 liberare,
444 1045 495 1098 nisi
521 1044 638 1098 liliorum
653 1043 735 1100 iuuerit
753 1047 885 1100 adsensus
898 1085 905 1106 ,
928 1053 956 1098 et
980 1041 1086 1097 illorum
1137 1051 1166 1098 et
1182 1041 1209 1097 ln
1223 1040 1390 1112 principibus
1405 1037 1594 1102 ecclesiarum,
1605 1034 1652 1104 qui
1667 1047 1732 1088 suas
1745 1031 1853 1087 autimas
1871 1040 1935 1085 tan·

300 1133 501 1193 obsecrationes
519 1135 575 1189 suls
599 1134 741 1189 conantibus
750 1134 880 1203 latuerint.
894 1133 1001 1188 lustitia
1014 1133 1087 1187 enim
1138 1141 1206 1197 tum,
1217 1131 1240 1186 si
1248 1125 1600 1200 lustiluerinl,libcrabuot.
1610 1122 1694 1178 Filios
1704 1127 1795 1176 autem
1807 1134 1839 1174 ac
1849 1117 1934 1184 lilius,

296 1223 364 1296 lusti
377 1225 519 1294 critsuper
529 1240 602 1289 cnm,
617 1234 645 1279 ct
656 1224 784 1294 iniquitas
795 1224 879 1294 iniqui
892 1225 919 1279 in
941 1224 1085 1292 ipsocom·
1136 1237 1206 1294 quoa
1229 1221 1257 1274 in
1271 1218 1392 1274 Ecclesia
1414 1213 1565 1287 genuerint,
1589 1213 1611 1268 si
1632 1211 1731 1266 iruerint
1752 1208 1935 1308 negligentes,

300 1316 459 1371 morabitur.
475 1332 485 1366 ι
499 1315 688 1385 Unusquisque
702 1325 813 1385 peccato
823 1315 932 1386 proprio
944 1314 1085 1379 morietur,
1137 1310 1242 1366 salvare
1256 1323 1308 1363 non
1322 1312 1458 1378 poterunt.
1472 1304 1505 1358 Et
1527 1311 1617 1356 tamen
1628 1298 1774 1370 Apostolus
1787 1296 1933 1365 loquutur:

299 1413 328 1460 et
339 1402 443 1472 justitia
456 1421 503 1460 soa
513 1404 686 1460 salvabitur.»
698 1404 863 1474 Frttstmque
873 1404 966 1459 dictant
977 1400 1063 1456 ludaei
1077 1420 1084 1455 a
1142 1420 1152 1454 t
1168 1401 1197 1457 Si
1208 1399 1286 1469 cujus
1297 1413 1366 1469 opus
1379 1396 1487 1460 arserit,
1503 1395 1559 1465 lpse
1583 1392 1673 1448 salvus
1696 1391 1758 1446 erit.
1775 1388 1822 1444 ste
1838 1395 1935 1442 tameo

303 1513 313 1546 ι
331 1494 466 1550 abraham
494 1506 571 1567 pater
598 1504 691 1552 noster
710 1496 801 1566 (loon.
816 1497 875 1566 ιιιι)
892 1515 915 1560 ι,
930 1511 992 1551 cum
1005 1508 1087 1563 opera
1140 1492 1217 1563 quasi
1229 1505 1278 1562 pur
1290 1492 1380 1561 ignem
1402 1487 1428 1558 (l
1452 1485 1513 1539 Cor.
1530 1497 1584 1556 turp.
1599 1504 1609 1538 ι
1626 1481 1722 1537 Manus
1736 1488 1827 1536 autem
1853 1489 1939 1545 super

299 1582 438 1640 sumnam
452 1600 505 1640 non
522 1585 647 1641 habeant.
663 1586 771 1654 Quodsi
787 1587 814 1640 in
830 1586 920 1656 aliquo
930 1585 1027 1640 nuncia
1037 1593 1088 1650 cst,
1139 1596 1237 1638 terram
1246 1577 1486 1648 prevaricatricem
1497 1575 1661 1640 extenditur,
1673 1582 1704 1628 ιιι
1716 1573 1791 1642 uirga
1804 1570 1864 1626 siue
1879 1567 1939 1622 lor·

302 1674 330 1730 ln
345 1675 403 1732 solo
416 1678 529 1732 Domino
543 1678 719 1733 conlldamus.
740 1677 897 1733 llalcdlotus
914 1677 986 1731 enim
1001 1676 1090 1730 omnis
1143 1668 1229 1723 illudo
1240 1670 1318 1737 panis
1335 1673 1507 1731 contemtum
1528 1680 1589 1734 quae
1605 1671 1713 1719 extenta
1734 1661 1856 1716 minatur
1880 1655 1940 1729 pla-

302 1764 521 1838 laomoquispom
535 1768 790 1834 habetlnhominc‚›
799 1765 1014 1837 quamvlssancti
1025 1763 1088 1827 sint,
1142 1770 1201 1826 gas,
1218 1755 1324 1810 nolente
1333 1754 1380 1824 qui
1392 1769 1453 1809 eam
1465 1753 1598 1818 extendit,
1612 1760 1640 1807 et
1657 1752 1782 1807 sublevat
1793 1755 1942 1852 percutere

301 1857 427 1926 mantula
444 1857 597 1928 Prophetae.
615 1857 750 1928 Legimusi
772 1874 782 1908 ι
805 1853 893 1910 llolite
905 1852 1040 1909 oonlldere
1061 1850 1089 1904 in
1143 1855 1296 1919 peccantes,
1310 1844 1359 1901 sed
1370 1844 1528 1901 extensione
1553 1851 1672 1906 terrere,
1698 1848 1727 1897 ct
1745 1848 1860 1896 territos
1874 1851 1943 1895 uou-

304 1943 460 2003 bominibus
475 1946 563 2020 (l’sal.
576 1948 666 2018 nstv).
686 1966 695 1998 ι
713 1946 747 2001 Ει
762 1946 883 2002 iterum:
903 1962 913 1996 t
931 1942 1033 1997 Bonum
1048 1950 1092 1995 est
1144 1951 1263 1994 serrare.

304 2085 1923 2122 m-——m

774 2191 780 2200 ’
864 2195 1015 2322 utnon
1052 2237 1327 2318 suasinus.

1075 2399 1200 2419 —

343 2486 480 2558 Septimus
490 2485 560 2542 liber
576 2484 686 2542 iultlom
699 2483 782 2541 babet
804 2482 840 2540 sb
849 2480 895 2539 itta
907 2479 1094 2552 similitudine,
1110 2481 1210 2548 licare
1233 2481 1328 2537 urbem
1339 2476 1502 2542 lentsalem,
1519 2475 1659 2551 saltusque
1668 2473 1760 2548 Nageb
1774 2484 1804 2533 et
1818 2453 1944 2536 'l'be'mara

307 2595 361 2653 qua
377 2580 507 2638 maninus
527 2578 676 2634 Jerusalem
698 2585 839 2649 comparat
849 2577 923 2648 ligno
938 2577 1001 2632 ritis
1014 2576 1098 2633 inim·
1149 2587 1177 2634 et
1192 2574 1290 2633 Darottt
1313 2570 1447 2639 sottjsos,
1471 2568 1522 2627 bot
1545 2567 1633 2642 ipsum
1656 2569 1902 2642 praenuntiavere
1916 2573 1946 2634 in

307 2678 423 2736 cinosam
441 2666 1098 2738 etsieilliexprobransabominationesidolomm
1148 2667 1344 2739 praesentlloco
1365 2664 1460 2721 eadem
1480 2662 1630 2723 Jerusalem
1656 2659 1740 2720 sines}
1761 2674 1788 2720 ct
1812 2668 1861 2722 riti
1887 2667 1945 2726 lm-

307 2774 427 2825 suomm,
441 2760 508 2816 dicit
526 2773 587 2815 eam
613 2759 744 2830 originem
768 2757 868 2813 ducere
886 2759 923 2814 de
942 2767 1013 2814 terra
1028 2758 1098 2814 Cha·
1149 2758 1251 2820 ctllerae
1265 2764 1448 2828 comparatur.
1475 2753 1515 2810 lle
1528 2768 1581 2823 qua
1602 2754 1629 2808 in
1643 2754 1697 2809 alio
1723 2755 1784 2811 loco
1809 2758 1944 2827 scriptum

308 2863 391 2914 uaau,
402 2848 643 2919 Amorrbaeumque
652 2855 756 2920 patrem
766 2846 877 2912 habere,
888 2853 916 2902 ct
928 2854 1042 2902 matrem
1052 2846 1100 2903 Ce-
1149 2860 1210 2908 eat:
1228 2870 1239 2903 ι
1256 2850 1313 2921 Ego
1331 2846 1449 2920 plantavi
1462 2854 1490 2901 te
1512 2846 1619 2901 vitream
1646 2841 1835 2913 lnrctlleram,
1863 2866 1945 2908 omns

308 2941 417 2996 meam.
441 2938 496 2996 llec
517 2940 542 2996 el
561 2939 708 3011 quidquam
725 2938 854 3009 prodesse
877 2936 1099 2993 incunabulamm
1149 2955 1357 3005 semenremm,
1373 2937 1510 3009 quomodo
1525 2951 1655 2992 convorsa
1680 2952 1711 2993 es
1732 2938 1760 2993 in
1783 2940 1946 2996 amaritudi-

309 3044 419 3086 soarnm
433 3029 608 3093 nutrimenta,
620 3030 683 3100 qula
699 3028 905 3099 incomparabili
921 3028 1100 3083 fornicatione
1149 3047 1212 3088 nem
1223 3031 1286 3086 uitis
1300 3030 1411 3085 alienae?
1428 3028 1495 3099 (ier.
1511 3027 1555 3099 ιι.)
1566 3026 1599 3083 tn
1619 3028 1646 3082 in
1667 3028 1756 3083 lesia:
1774 3046 1784 3080 ι
1803 3030 1943 3096 l‘lautari,

308 3118 409 3190 polluta
423 3129 465 3175 est
477 3134 539 3174 cum
555 3120 722 3175 amatoribus
743 3119 867 3175 diuersis.
882 3116 1021 3187 Maiusque
1038 3133 1099 3174 esse
1150 3122 1250 3193 inquit,
1263 3121 1369 3175 vineam
1381 3119 1509 3175 'Sorrech
1524 3117 1591 3190 (lau.
1604 3116 1644 3188 u),
1663 3137 1672 3169 ι
1690 3119 1760 3187 quod
1782 3118 1897 3176 electam
1917 3129 1945 3176 et

310 3209 399 3265 scelos
413 3224 508 3265 eorum
522 3210 588 3264 dicit
602 3216 715 3280 peccato
740 3207 919 3263 Sodomorum
942 3216 1024 3277 atque
1051 3206 1101 3262 Sa·
1149 3210 1290 3282 pulchram
1308 3218 1395 3263 sonat.
1411 3208 1444 3262 Et
1467 3208 1495 3262 in
1520 3207 1624 3278 psalmo
1647 3206 1784 3277 legimus:
1801 3228 1812 3261 ι
1832 3207 1943 3266 Vineam

311 3300 413 3364 metiti,
425 3313 632 3369 provocantem
647 3299 681 3353 ad
692 3297 896 3367 pluuimntiarm
909 3307 1040 3366 quatenos
1053 3310 1102 3366 per
1151 3301 1185 3356 do
1203 3298 1319 3369 AEgypto
1332 3297 1512 3362 transtulisti,
1533 3294 1636 3363 ejecisti
1652 3306 1747 3368 gentes
1760 3305 1788 3353 et
1816 3298 1944 3368 plantasti

312 3390 398 3466 ipsam
407 3389 531 3462 acdpere
545 3389 649 3462 possint
661 3387 850 3444 remissionem
862 3394 1046 3457 peccatorum.
1151 3404 1211 3445 eant
1223 3406 1231 3443 ι
1245 3388 1298 3443 dua
1324 3387 1431 3442 itineris
1459 3385 1532 3441 luisti
1551 3386 1578 3440 in
1599 3394 1747 3455 conspectu
1772 3386 1835 3455 eius
1856 3387 1942 3459 (mut,

607 3516 721 3575 CAPUT
740 3517 789 3573 xv
1151 3479 1256 3551 urata).
1274 3500 1284 3534 ι
1300 3480 1331 3534 Et
1346 3478 1515 3535 manifestius
1538 3479 1677 3541 discimus,
1701 3478 1843 3551 Scriptura
1856 3481 1944 3538 dices-

791 3556 799 3572 ⁸
1152 3579 1198 3626 te:
1215 3588 1224 3622 ι
1238 3568 1322 3626 llinea
1334 3577 1423 3624 aomnt
1436 3567 1542 3624 Domini
1559 3565 1689 3633 sabaotb,
1703 3567 1800 3625 domus
1814 3579 1856 3625 cst
1864 3569 1943 3632 lsrael

311 3627 403 3690 &utto
413 3629 520 3685 Domini
536 3639 628 3685 contro
640 3626 790 3684 Jerusalem
802 3628 879 3683 ultam
897 3625 1099 3695 infructuosum.
1152 3661 1221 3735 pm·
1232 3660 1270 3733 v).

1289 3678 1298 3712 ι
1314 3659 1465 3715 Haecrioea
1481 3658 1599 3728 quandin
1615 3657 1872 3726 interamnanam
1884 3674 1943 3717 cm·

348 3737 563 3795 «suracusas
584 3738 791 3794 ermooouiui
804 3736 840 3792 ai
852 3750 897 3792 ue
912 3736 1025 3794 dicens:
1050 3736 1101 3793 rur
1152 3751 1233 3807 uiuus
1245 3751 1324 3822 tignis
1336 3748 1540 3815 orrannum
1554 3763 1585 3805 aa
1602 3749 1747 3819 perrarus
1760 3758 1814 3805 eu.
1834 3747 1883 3806 stu
1896 3764 1943 3806 aa·

314 3846 324 3880 ·
342 3829 477 3894 hominis.
499 3827 564 3900 (illd
579 3827 626 3884 ¹¹0²
645 3827 718 3897 “8⁰⁰
732 3827 796 3883 llllS
823 3843 855 3884 0¹
872 3828 997 3884 ⁰¹⁰¹¹l¹l¹¹⁸
1022 3821 1139 3899 'ldillsc
1154 3849 1209 3897 tem
1224 3856 1291 3897 uras
1309 3840 1410 3896 habere
1434 3839 1554 3902 desierit,
1572 3840 1599 3894 in
1623 3838 1697 3895 nullo
1709 3839 1785 3896 utilis
1797 3841 1870 3908 erit,
1893 3840 1942 3900 uisi

314 3939 324 3973 ι
341 3935 491 3984 nemorum,
504 3934 565 3990 qum
586 3927 649 3974 susat
669 3919 739 3974 inter
759 3918 829 3991 ligna
845 3919 994 3974 siluarum?
1016 3919 1099 3975 Narm-
1151 3942 1182 3988 qr
1195 3946 1257 3988 cum
1269 3932 1394 3989 „disper
1407 3930 1665 4002 prupap'pihnuauis
1677 3932 1801 3986 tradatur
1811 3931 1940 3988 inpendio.

314 4030 325 4062 ι
340 4010 404 4081 quid
417 4009 526 4066 tolletur
537 4011 570 4066 de
580 4009 625 4066 illa
640 4010 752 4081 liguum,
766 4019 796 4065 ιιι
810 4009 944 4081 llatopas,
960 4018 1007 4065 aut
1019 4010 1101 4067 labri·
1151 4023 1255 4081 carrera
1282 4022 1354 4095 ligna
1380 4022 1520 4087 siluarum,
1537 4031 1566 4078 nt
1585 4024 1619 4078 de
1640 4020 1782 4092 pomilaris
1805 4022 1942 4079 arboribus

260 4139 266 4150 .
315 4099 446 4155 coaltilttt
460 4099 673 4170 decaparillus,
687 4108 717 4155 ut
730 4101 848 4173 pendeat
861 4101 1102 4171 areaquudenm-
1153 4121 1266 4175 garam,
1281 4126 1396 4182 quornm
1423 4120 1452 4166 et
1475 4111 1616 4183 Scriptura
1644 4113 1726 4168 modo
1752 4114 1855 4170 nullam
1880 4113 1941 4170 lacit

315 4207 325 4241 ι
344 4203 397 4259 que
409 4190 476 4247 uss?
487 4190 557 4246 Ecce
570 4191 623 4261 igni
636 4191 729 4247 datum
743 4199 787 4248 est
799 4191 825 4246 in
840 4207 940 4248 escam
954 4192 1102 4263 Utramque
1152 4202 1395 4266 mentionem,cum
1401 4215 1481 4271 poma
1491 4216 1544 4257 non
1553 4201 1796 4268 habeant,succlsa
1803 4204 1941 4275 pturtuan

316 4298 327 4332 ι
345 4289 450 4349 partem
466 4279 525 4348 elus
536 4282 702 4350 corrsnmpsit
716 4282 796 4352 ignis,
806 4290 834 4338 et
848 4282 977 4338 medietas
987 4281 1046 4351 eius
1057 4299 1102 4339 re-
1151 4294 1273 4365 praeherrr
1283 4294 1438 4358 utilitatem,
1454 4301 1482 4349 at
1493 4294 1521 4348 in
1536 4307 1644 4350 omnem
1657 4295 1862 4366 agriculturam,
1876 4296 1940 4353 otiu

315 4388 327 4422 ι
344 4371 423 4425 ducta
439 4378 481 4426 est
493 4371 520 4426 in
535 4370 662 4430 larillam.
677 4371 812 4443 Numquid
825 4374 891 4431 utile
902 4374 955 4429 erit
971 4375 1006 4430 ad
1018 4375 1103 4444 opus?
1153 4400 1375 4440 usrrmarmornm
1385 4384 1538 4455 proliciunt,
1545 4383 1609 4439 dnm
1624 4393 1802 4441 armabantur
1816 4386 1844 4442 lu
1855 4393 1938 4452 ιιιιιι,

315 4478 326 4513 ι
341 4460 429 4514 Ellam
442 4475 503 4515 curti
513 4467 586 4517 cosei
596 4461 867 4532 briegiumnonerol
875 4471 966 4534 titium
979 4464 1013 4520 ad
1023 4479 1101 4535 olitis·
1153 4478 1285 4531 raduntur
1297 4476 1323 4530 in
1334 4475 1453 4542 hastilia,
1463 4476 1574 4533 cludunt
1584 4475 1697 4541 loribus,
1709 4478 1940 4535 continenturma-

317 4569 328 4603 ι
344 4552 451 4620 Quanto
462 4552 549 4623 tnagis
560 4566 622 4608 cum
638 4552 707 4623 ignis
721 4552 785 4607 illud
795 4553 975 4620 devoraverit,
989 4563 1017 4610 et
1029 4569 1103 4611 mm·
1153 4564 1211 4628 riis,
1226 4563 1344 4627 scriniis,
1359 4578 1391 4619 ac
1413 4563 1519 4630 loculis,
1531 4578 1693 4634 omnemque
1706 4564 1805 4622 domus
1824 4565 1939 4622 tribuunt

317 4642 479 4708 «busseris,
500 4642 566 4699 nibil
582 4657 617 4698 ex
639 4641 731 4699 eoliet
752 4642 861 4713 operisl
878 4644 1024 4714 Propterea
1045 4647 1103 4702 heu
1153 4654 1356 4723 supellectilem.
1380 4654 1451 4712 litis
1475 4665 1578 4723 summ,
1599 4656 1622 4711 si
1645 4655 1728 4712 mmel
1750 4671 1822 4714 uras
1841 4657 1941 4714 adiere

317 4750 327 4784 ι
345 4731 410 4787 dicit
427 4730 657 4789 Dominusbeos:
676 4732 816 4800 Quomodo
827 4733 929 4804 lignum
945 4735 1010 4790 ritis
1032 4734 1104 4790 inter
1153 4744 1312 4809 cassaverit,
1323 4744 1350 4798 iu
1361 4752 1465 4800 tautum
1478 4744 1581 4802 inutilis
1592 4752 1644 4811 est,
1659 4753 1688 4800 ιιι
1699 4761 1734 4802 ne
1757 4745 1940 4819 maillmqol·

319 4845 328 4879 ι
343 4828 415 4900 ligna
428 4829 566 4895 silvarum,
580 4828 653 4900 quod
665 4828 727 4884 dedi
739 4829 794 4901 igni
808 4830 842 4886 ad
856 4829 1051 4897 deuorandum,
1062 4832 1104 4888 sio
1154 4834 1214 4890 dum
1226 4849 1261 4890 ex
1272 4849 1305 4889 eu
1315 4834 1401 4905 possit
1412 4833 1481 4899 lieri,
1493 4833 1527 4890 de
1543 4849 1597 4904 quo
1607 4834 1708 4905 aliquid
1727 4837 1855 4905 madeat.
1866 4835 1940 4896 cau-

317 4920 448 4974 utradam
469 4918 637 4976 habitatores
658 4918 823 4984 lemsalem,
849 4926 877 4976 et
890 4935 989 4993 ponam
1006 4921 1103 4978 laciem
1151 4937 1208 4996 quo
1231 4925 1369 4982 malleolos
1392 4925 1537 4992 excideris,
1551 4936 1693 4996 utramque
1716 4935 1825 4997 partem
1850 4943 1938 4986 eorum

318 5027 327 5061 ι
343 5023 431 5065 meam
444 5011 471 5064 in
482 5024 539 5064 eoa.
552 5009 590 5065 lle
604 5009 666 5079 igne
681 5010 864 5081 egredientur,
877 5018 906 5067 et
925 5010 997 5084 ignis
1009 5025 1105 5068 consu·
1154 5014 1271 5086 primum
1294 5015 1365 5085 ignis
1384 5014 1491 5085 arripit,
1514 5015 1665 5086 dehincque
1676 5014 1786 5073 damma
1799 5019 1940 5084 consumit,

318 5105 398 5152 umet
411 5096 690 5169 asserueruntque
703 5113 753 5170 ego
765 5098 904 5165 Dominus,
915 5113 1104 5171 camposacro
1156 5115 1314 5178 laniatuque
1328 5107 1396 5163 nibil
1410 5107 1519 5176 prodest
1532 5122 1595 5163 cum
1616 5108 1723 5164 redacta
1736 5103 1940 5166 luerltiular'il·

319 5184 439 5241 «laniem
455 5199 541 5241 meam
555 5186 653 5252 ineos,
667 5195 695 5243 et
712 5186 812 5244 dedero
836 5196 937 5243 terram
963 5188 1104 5244 iuriamet
1135 5195 1222 5262 ·lam‚
1236 5204 1267 5250 ut
1282 5197 1365 5251 etiam
1383 5210 1445 5252 cum
1460 5198 1565 5268 integra
1579 5197 1617 5253 sit
1628 5196 1730 5267 absque
1741 5197 1866 5271 traginas
1886 5197 1940 5256 uul·

320 5291 330 5328 t
344 5273 500 5338 desolatam,
510 5289 543 5329 eo
555 5274 627 5344 quod
639 5275 1105 5359 praevaricatoresexstiteriut2dicit
1157 5284 1210 5339 lam
1221 5285 1341 5354 praebeat
1354 5284 1509 5339 utilitatem.
1521 5283 1690 5356 ambiguitas
1703 5292 1796 5344 autem
1806 5287 1881 5344 rarhi
1891 5286 1939 5344 ile·

319 5364 477 5422 nilominus
490 5365 571 5420 Deus.
589 5364 747 5437 illlierou.)
767 5365 855 5430 Variis
873 5376 964 5423 autem
978 5366 1104 5423 similito-
1156 5372 1251 5432 hraioi,
1279 5389 1350 5439 uua,
1376 5372 1448 5443 quod
1477 5373 1564 5429 tribus
1589 5374 1686 5430 litteris
1705 5375 1845 5444 scribitur,
1861 5371 1941 5435 siud

316 5454 434 5520 dinibus,
450 5469 517 5525 quas
529 5451 616 5510 Graeci
634 5457 775 5525 parabolas
787 5465 894 5522 uocant,
909 5458 1104 5527 praenuntiatur
1156 5477 1212 5517 nun
1226 5470 1254 5517 et
1267 5462 1323 5528 iod,
1339 5462 1362 5516 si
1378 5462 1483 5533 legator
1506 5479 1578 5529 seue,
1590 5463 1644 5518 duo
1664 5463 1814 5535 signifieat,
1826 5466 1851 5522 si
1873 5484 1940 5531 uss.

316 5543 457 5606 subversio
480 5544 555 5598 urbis
578 5541 737 5599 temsatem.
766 5545 800 5599 lit
822 5546 956 5615 quomodo
976 5560 1056 5615 supra
1076 5545 1104 5600 iu
1156 5565 1256 5617 annos,
1272 5551 1343 5606 unde
1357 5550 1456 5607 lactum
1468 5560 1520 5616 est,
1532 5561 1561 5607 ut
1571 5567 1620 5623 pro
1632 5552 1735 5609 duabus
1746 5555 1943 5614 summitatibus

317 5634 464 5708 sartagine,
476 5634 503 5688 iu
514 5648 567 5704 qua
577 5648 674 5690 carnes
682 5632 773 5704 populi
782 5634 968 5704 frigebantur:
984 5643 1012 5707 ει
1024 5635 1051 5689 in
1065 5636 1105 5689 la·
1156 5643 1226 5714 ejus,
1236 5644 1307 5713 qnod
1320 5659 1369 5699 nos
1384 5644 1552 5713 interpretati
1561 5659 1673 5701 sumus«
1688 5655 1835 5718 utramque
1843 5657 1942 5720 parte·

316 5737 386 5789 tore,
400 5723 427 5780 iu
439 5738 494 5794 quo
508 5721 676 5778 munimenta
700 5730 728 5776 ct
742 5735 854 5793 aggeres
873 5723 988 5778 arietum
1010 5738 1042 5778 ac
1063 5722 1103 5777 ri·
1156 5734 1225 5804 ειυς,
1242 5751 1251 5785 r
1269 5732 1444 5804 Septuaginta
1458 5734 1626 5804 interpretati
1640 5743 1703 5790 suut
1719 5753 1730 5788 t
1748 5751 1868 5793 annuam
1881 5751 1940 5809 pun

315 5828 428 5872 aearum
449 5812 581 5868 machinae
601 5810 791 5883 pingebantur,
804 5811 924 5882 ejusdem
947 5812 1022 5867 orbis
1043 5826 1104 5881 taos·
1157 5821 1368 5893 gatiouemep'us,
1382 5842 1395 5874 r
1408 5822 1575 5892 ennuaqntla
1587 5824 1695 5888 dixerit,
1710 5843 1720 5877 ι
1737 5825 1793 5882 duo
1803 5827 1945 5884 mrlssint

315 5906 402 5964 sessio
418 5906 556 5976 lamesque
572 5904 708 5976 descripta
720 5911 773 5970 est,
798 5911 931 5974 etpostca
944 5904 971 5958 lo
991 5905 1044 5959 boc
1060 5918 1106 5959 ιο·
1156 5911 1246 5980 einum
1260 5910 1656 5992 Symmachusetlheodotiou,
1671 5931 1681 5968 t
1694 5913 1764 5972 duas
1777 5918 1945 5976 mutuas

315 5989 378 6052 ὀιιιι
395 5993 491 6052 buturi
511 6007 623 6058 mmus,
647 5992 675 6048 in
695 5990 811 6052 leremia
835 6006 942 6062 quoquo
973 5992 1104 6061 seriptum
1158 6004 1226 6074 ejuus.
1246 6003 1306 6058 ulit
1318 6012 1360 6058 est
1376 6005 1453 6072 urdo,
1467 6003 1544 6060 Sicut
1559 6005 1623 6062 uitis
1641 6005 1811 6066 infructuosa
1824 6009 1946 6070 laeuos

314 6081 465 6158 “hollam
477 6097 538 6166 quas
561 6097 577 6139 a
596 6082 667 6146 lacis
679 6080 821 6155 Aquilonis
832 6081 989 6138 accenditur
1001 6081 1106 6156 signill·
1158 6092 1274 6148 traditur
1287 6091 1316 6145 in
1327 6091 1427 6147 aalma
1442 6093 1604 6163 utilitatem,
1620 6094 1660 6152 sle
1678 6103 1707 6152 et
1719 6096 1946 6165 lumniamiurp
