4500 6842
604 469 636 534 Q

294 583 327 646 11
755 579 908 647 llDHlLlAE
926 581 1107 646 barastra
1125 577 1333 655 meotidis,
1352 586 1428 645 stc.
1877 587 1914 653 d!

295 723 311 760 a
330 702 374 760 tali
389 716 458 773 pase
468 713 636 772 separemur.
651 700 684 757 lit
695 702 806 757 verbum
819 700 866 756 Dcl
878 699 949 771 qnod
962 699 1082 771 qaroddle
1095 712 1120 769 Α
1134 696 1206 753 illam
1216 697 1395 769 proferamus,
1408 713 1441 756 ac
1454 699 1533 755 bonis
1542 699 1670 770 operibus
1683 702 1769 773 ipsam
1779 718 1917 765 mmnmn-

294 789 1081 867 prssdicatur,panisest:nonenimquianouestpanisrcn·
1131 787 1237 845 demas.
1255 788 1313 844 Scit
1325 789 1398 844 etnim
1413 788 1457 845 illo
1477 792 1523 859 qui
1538 790 1627 847 taliter
1644 791 1726 862 jussit
1745 809 1795 849 tros
1812 802 1918 866 petere,

294 886 351 948 tris,
364 883 424 938 ideo
441 897 494 937 tion
508 891 551 936 est
561 882 640 951 panis
655 881 754 937 mentis
766 898 774 936 a
786 895 846 937 oum
858 888 948 936 saum
960 880 1015 935 rita
1028 879 1081 936 ista
1132 874 1196 946 nord
1209 879 1287 933 nobis
1298 878 1364 934 utile
1376 886 1418 933 est
1433 879 1581 952 concam
1600 896 1607 933 r
1626 881 1688 950 quia
1698 896 1864 956 quacunque
1873 899 1920 956 po·

293 968 1081 1043 transieritnecpanemillumquerimusqnemqumritla·
1132 966 1322 1023 stulaasrimus
1340 970 1488 1025 secuudum
1507 967 1671 1027 rdunmtem
1692 972 1760 1042 clus,
1778 977 1852 1032 audit
1868 991 1918 1034 nos

293 1078 362 1130 mes,
373 1077 422 1118 nec
432 1060 1008 1131 sacramentumalterisbabomussccipere,
1018 1058 1081 1130 quia
1133 1056 1199 1127 ipse,
1212 1058 1339 1115 videlieet
1350 1060 1483 1116 mediator
1494 1061 1542 1117 Dei
1552 1071 1579 1118 et
1591 1062 1740 1130 homiuum,
1755 1064 1919 1123 lesusilrri·

293 1147 1081 1221 ibierimuscumChristo‚cu1'uscorpasmodoaccipimusin
1133 1156 1190 1203 stus
1210 1150 1340 1206 Dominus
1357 1158 1459 1215 noster,
1478 1152 1524 1221 qui
1545 1153 1611 1209 visit
1629 1162 1657 1210 et
1673 1166 1769 1227 regnat
1784 1172 1846 1212 oum
1864 1155 1919 1214 Deo

293 1247 475 1296 sacramento.
487 1236 544 1293 Noc
554 1238 635 1294 rerba
647 1237 700 1294 ista
711 1253 728 1293 a
740 1238 818 1295 uobis
830 1247 894 1296 tunc
906 1238 959 1295 dici
972 1238 1080 1301 babent,
1134 1236 1212 1293 Datrc
1223 1238 1250 1293 in
1264 1239 1368 1296 unitate
1380 1238 1498 1309 Spiritus
1509 1242 1595 1297 sancti
1608 1241 1689 1309 Deus,
1704 1260 1753 1315 per
1765 1246 1856 1305 omnis
1866 1261 1918 1305 ιι·

292 1343 353 1400 quse
371 1342 443 1384 nuuc
467 1326 583 1382 dicimus
599 1326 685 1381 robis.
705 1326 761 1383 bec
777 1327 863 1384 codex
885 1328 1015 1400 legendus
1029 1336 1082 1393 est,
1133 1328 1193 1384 cula
1207 1330 1379 1385 seculorum.
1398 1331 1494 1385 hirnea.
1710 1383 1716 1393 ,
1741 1369 1749 1380 .

291 1415 1082 1489 quandoipsumridebimus,quiestllerhumDei,perquem
1411 1431 1550 1499 nomm
1571 1438 1641 1499 m

291 1507 1084 1578 iactasuntomrria,quopascunturangeli,quoilluminau-
1362 1529 1388 1567 m
1412 1529 1568 1569 ascensione
1592 1521 1694 1570 norint.

292 1610 337 1655 tur
351 1598 506 1668 archangeli
519 1639 527 1663 ,
542 1613 596 1668 quo
614 1599 750 1669 sapiemus
762 1600 831 1654 liunt
844 1614 938 1655 omncs
953 1600 1083 1655 coelorum
1377 1602 1489 1673 (lleung.
1508 1603 1592 1657 liure.
1606 1620 1650 1659 ιιι
1664 1604 1674 1675 )

291 1690 418 1751 virtutos,
431 1702 484 1740 non
495 1693 646 1757 quarentes
654 1688 735 1742 verba
748 1686 890 1743 locutionis
900 1687 1082 1753 infructuosae,
1169 1687 1367 1746 Sacratissimae
1377 1691 1543 1758 festivitatis,
1554 1693 1653 1749 batres
1664 1696 1827 1761 charissimi,
1837 1707 1919 1770 quam

291 1779 341 1834 sed
362 1777 486 1832 bibentes
505 1777 616 1832 unicum
632 1777 760 1841 terbum,
779 1784 808 1833 et
824 1776 886 1833 inde
900 1778 1001 1849 impleti
1022 1793 1084 1833 eru·
1134 1779 1214 1835 hodie
1238 1780 1415 1847 celebramus,
1435 1782 1566 1841 lectiones
1587 1800 1672 1842 sacrae
1688 1802 1749 1858 quae
1772 1788 1843 1844 inter
1864 1790 1921 1846 bae

291 1877 369 1923 ctant
393 1867 504 1931 laudes,
523 1874 552 1921 ct
576 1882 629 1922 nou
647 1865 776 1922 deliciunt
802 1867 829 1922 in
851 1867 983 1924 laudibus.
1008 1866 1084 1923 Danti
1135 1872 1280 1930 missarum
1302 1875 1432 1932 solemnia
1457 1877 1576 1933 recitata
1599 1886 1673 1945 guni,
1699 1881 1820 1950 pandum
1842 1895 1921 1937 Μ.

289 1959 377 2022 euim,
391 1956 430 2012 ait
446 1955 579 2026 psalmus,
592 1955 638 2027 qui
651 1956 770 2010 habitunt
783 1957 811 2011 in
823 1956 900 2012 domo
914 1968 970 2021 tuo,
984 1958 1012 2011 in
1030 1973 1082 2011 rtr-
1135 1961 1220 2017 dium.
1235 1962 1306 2020 hato
1320 1965 1378 2022 dies
1389 1980 1454 2037 ergo
1468 1968 1645 2039 qtradragiuta
1658 1968 1798 2026 Dominico
1810 1969 1921 2027 Pascha

291 2049 354 2105 culs
369 2046 528 2103 serculorum
552 2045 697 2101 laudabunt
713 2055 738 2101 ts
757 2044 844 2117 (Paul.
865 2048 988 2118 nutrita).
1012 2046 1084 2115 Ergo
1100 2046 1121 2106 D
1137 2053 1344 2109 resurrectionis
1366 2054 1473 2110 Domini
1493 2064 1598 2128 tempus
1611 2057 1817 2125 celebravimus,
1841 2060 1921 2116 hodic

292 2142 321 2196 in
341 2140 467 2197 haesita
486 2139 603 2208 petimus
624 2137 695 2210 quod
721 2137 844 2209 sequitur
859 2157 866 2195 ι
884 2138 991 2194 Dimitte
1010 2138 1083 2194 nobis
1135 2140 1546 2216 ciusdemliedemptorlsnostri
1554 2146 1922 2206 Ascensionissolemaiavo-

293 2231 384 2287 debita
401 2239 509 2294 neura,
525 2229 591 2283 sicut
606 2240 630 2282 ct
642 2245 688 2283 nor
701 2228 858 2283 dimittimus
868 2227 1026 2283 debitoribus
1039 2241 1085 2281 no·
1135 2245 1264 2288 necamur
1278 2250 1285 2287 :
1300 2234 1363 2302 quia
1377 2232 1501 2290 Salvator
1519 2246 1611 2290 nomer
1622 2245 1683 2305 post
1697 2238 1921 2294 resurrectionem

291 2323 356 2377 stris
379 2336 389 2373 .·
416 2320 443 2376 in
473 2319 607 2390 baptismo
635 2318 726 2375 omnia
753 2319 853 2385 debita,
885 2318 912 2375 id
935 2325 996 2383 cst,
1023 2329 1085 2388 peo-
1135 2334 1223 2386 suam,
1240 2335 1290 2393 per
1302 2321 1546 2394 diesqaadraginta
1556 2337 1689 2394 apparent
1700 2326 1841 2397 discipulis
1855 2328 1921 2391 suis,

292 2424 355 2472 csta
377 2413 479 2477 urania,
502 2427 613 2484 prorsus
636 2411 810 2466 dimittuntur
831 2409 928 2475 nobis;
952 2408 1000 2465 sod
1022 2406 1085 2479 quia
1136 2414 1270 2470 veraciter
1283 2427 1313 2469 se
1324 2414 1504 2471 resurrexisse
1514 2415 1541 2470 in
1555 2416 1647 2471 multis
1658 2419 1826 2487 argumentis
1836 2418 1923 2476 maui-

293 2508 339 2564 bic
357 2522 437 2563 nemo
451 2512 539 2574 potest
555 2505 646 2560 uivere
666 2503 726 2560 sine
744 2510 866 2573 peccato,
885 2512 914 2558 ct
923 2501 946 2558 si
962 2514 1017 2556 non
1029 2513 1085 2555 ma·
1136 2502 1260 2570 {estasim
1277 2504 1421 2560 novissimo
1434 2505 1653 2561 recumbentibus
1668 2506 1722 2562 illis
1735 2507 1862 2563 undecim
1873 2524 1922 2579 ap-

292 2618 348 2674 gau
369 2601 493 2665 crimine,
513 2598 585 2655 unde
607 2603 768 2668 separentur
789 2595 888 2652 abillo
910 2608 998 2667 pane,
1021 2598 1086 2648 tuac
1135 2594 1236 2665 paruit,
1256 2603 1285 2651 et
1306 2595 1386 2649 verba
1412 2596 1611 2666 predicationis
1631 2597 1667 2651 ob
1690 2597 1922 2654 conilrmationem

293 2707 374 2747 nemo
388 2699 478 2762 potest
495 2690 554 2745 sine
568 2686 686 2759 pcccatis
699 2700 760 2742 esse
775 2684 803 2740 in
819 2685 871 2741 hac
884 2693 974 2750 tcrra,
990 2691 1017 2739 et
1031 2696 1085 2739 aaa
1135 2699 1229 2741 eorum
1236 2685 1292 2755 jam
1302 2699 1464 2741 ascensurus
1474 2686 1501 2741 ia
1512 2686 1621 2752 coelum,
1638 2688 1795 2759 impertivit,
1807 2688 1923 2759 llddque

295 2798 441 2854 possumus
461 2781 592 2852 accipere,
617 2778 669 2833 nisi
691 2792 774 2832 unum
795 2776 958 2848 baptismum
982 2775 1082 2833 simul:
1136 2776 1348 2847 magnitudinem
1367 2777 1497 2843 ostendit,
1517 2780 1637 2849 assigna
1654 2794 1714 2848 qua
1732 2782 1923 2852 perpraedica-

296 2874 324 2927 in
343 2874 468 2928 oratione
488 2879 579 2926 autem
598 2868 762 2938 accipiemus
785 2866 856 2922 uode
873 2865 993 2937 quotidie
1012 2863 1086 2920 lare·
1135 2866 1236 2921 tionem
1248 2877 1341 2921 eomm
1357 2866 1508 2922 credituros
1520 2868 1664 2924 subsecuta
1677 2878 1771 2935 erant,
1788 2871 1923 2940 predixit,

295 2978 367 3028 mur,
390 2968 421 3017 ut
440 2961 517 3016 nobis
531 2966 641 3030 peccata
660 2964 752 3012 nostra
773 2955 892 3027 quotidie
904 2952 1083 3009 dimittamur,
1135 2956 1228 3026 eisque
1250 2955 1423 3021 benedicens,
1441 2955 1557 3027 Spiritus
1575 2959 1661 3014 macti
1684 2961 1807 3031 promisit
1819 2960 1921 3016 advea-

295 3053 349 3109 Scd
369 3053 420 3108 boc
434 3049 464 3107 lrt
483 3052 506 3107 si
527 3049 657 3105 iaciamus
674 3046 746 3117 quod
760 3044 892 3116 sequitur,
913 3044 980 3099 sicat
993 3052 1018 3098 et
1038 3059 1084 3098 nor
1134 3053 1203 3099 tum.
1221 3042 1355 3101 Posthac
1372 3056 1480 3112 autem,
1493 3046 1640 3103 sidentibus
1652 3048 1828 3106 ttttretnntus
1837 3061 1885 3118 est,
1897 3061 1923 3106 et

295 3144 451 3200 dimittimus
465 3140 625 3197 debitoribus
648 3139 753 3194 nostris.
771 3136 880 3208 ltaque,
900 3134 998 3191 iratres
1017 3134 1082 3198 mci,
1134 3136 1215 3189 netes
1225 3137 1338 3206 suscepit
1351 3151 1410 3189 mm
1422 3135 1454 3190 ud
1470 3136 1554 3191 acriis
1569 3154 1675 3204 eoram,
1687 3142 1925 3211 mammarum

295 3247 393 3289 moneo
406 3247 464 3296 ros,
483 3232 510 3285 in
526 3230 572 3285 Dci
587 3229 672 3301 gratia
688 3227 758 3284 lilios
772 3241 857 3291 nicos,
872 3224 962 3281 etsub
976 3221 1084 3278 illoPa·
1134 3222 1238 3288 coium,
1253 3224 1364 3278 studet
1379 3225 1507 3280 odectris
1522 3224 1579 3290 Dei,
1604 3226 1631 3281 in
1651 3226 1745 3283 ιιιιιιιι
1759 3229 1925 3288 humanitate

297 3336 338 3381 tre
358 3324 457 3380 iratres
477 3336 561 3386 meos,
581 3334 677 3375 moneo
691 3333 740 3374 ros
758 3326 786 3373 ιιι
800 3303 909 3388 quando
921 3330 969 3369 uos
986 3312 1084 3383 aliquis
1134 3325 1262 3370 venturus
1273 3315 1396 3385 iudicare
1409 3318 1437 3371 in
1460 3316 1512 3372 litte
1530 3318 1689 3374 sacculorum
1711 3321 1786 3375 viros
1801 3334 1834 3375 ac
1850 3337 1923 3376 mor-

295 3415 405 3472 olleudit
424 3423 452 3469 ct
466 3421 560 3484 peccat
580 3412 607 3465 in
625 3425 685 3475 vos,
703 3416 731 3465 et
750 3408 832 3472 verrit,
848 3415 876 3461 ct
889 3408 1041 3467 cantitetur,
1058 3392 1121 3460 ctC
1139 3416 1208 3473 tuos,
1223 3424 1276 3478 qua
1291 3408 1369 3464 bodio
1384 3411 1514 3473 ascendit,
1530 3412 1599 3467 sicut
1612 3421 1641 3467 et
1662 3415 1800 3484 apostolis,
1818 3416 1845 3471 in
1866 3431 1925 3473 cm·

295 3507 362 3577 petit
377 3522 393 3560 a
406 3505 484 3560 robis
502 3502 628 3565 reniam,
643 3507 672 3553 ut
687 3497 834 3568 ignoscatis
847 3494 902 3560 illi,
916 3504 944 3551 et
957 3493 1085 3550 continuo
1136 3496 1192 3552 lum
1204 3506 1313 3553 euntem
1330 3498 1405 3553 illum
1427 3501 1604 3567 intuentibus,
1621 3503 1675 3559 duo
1693 3503 1779 3574 angeli
1794 3507 1925 3576 predixe-

295 3611 329 3652 cs
343 3595 424 3652 corde
439 3591 591 3656 dimittatis,
615 3605 649 3646 ne
664 3589 768 3647 robisa
784 3588 839 3643 Dco
855 3586 960 3642 rcuiam
973 3585 1083 3640 rcnicn-
1136 3597 1200 3643 runt
1221 3606 1228 3642 :
1253 3587 1321 3654 Viri,
1345 3587 1574 3659 inquietissimi,
1598 3592 1661 3663 naid
1679 3596 1755 3648 statis
1773 3596 1926 3665 aspicientes

294 3695 349 3742 tem
371 3682 538 3754 prohibeatis
558 3701 564 3735 :
589 3681 612 3736 si
632 3680 704 3734 caim
718 3695 773 3733 ιιοιι
791 3676 932 3733 dimittetis
953 3690 1012 3740 tos,
1035 3689 1084 3730 ncc
1136 3678 1163 3732 in
1182 3678 1299 3734 colum?
1317 3677 1370 3733 Hie
1389 3679 1524 3751 desusqtu'
1538 3693 1686 3753 umumprrrta
1702 3694 1741 3739 est
1759 3687 1925 3750 croilanda

295 3777 340 3832 ille
350 3775 468 3830 dimittet
482 3772 567 3828 vobis.
586 3771 656 3843 Ergo
668 3779 697 3825 ct
711 3770 762 3825 boc
778 3768 804 3823 in
819 3768 870 3823 ista
886 3768 941 3822 sita
956 3767 1083 3837 petimus,
1136 3771 1219 3825 sorim
1236 3771 1457 3843 prtemudmodsm
1474 3772 1574 3828 addistis
1586 3789 1645 3830 ιιιι
1663 3786 1765 3831 euntem
1781 3778 1809 3832 its
1820 3777 1923 3833 colant.

294 3866 358 3937 qrtia
373 3864 418 3919 bic
430 3871 544 3934 possunt
557 3861 656 3917 dimitti
670 3859 716 3915 ubi
729 3865 843 3931 possunt
854 3856 947 3913 haberi
957 3863 1084 3928 peccata,
1138 3861 1217 3924 Ecce,
1232 3878 1293 3917 cum
1314 3862 1456 3917 boninum
1476 3863 1504 3918 in
1525 3864 1623 3920 coelum
1643 3868 1796 3923 ascendisse
1817 3868 1926 3933 aotlitit,

295 3958 323 4011 in
338 3955 384 4011 illa
397 3962 488 4009 autom
508 3952 627 4006 ritanon
639 3950 828 4014 dimittuntur,
841 3947 904 4017 quia
918 3961 969 4001 nec
985 3944 1086 4000 baben-
1137 3955 1163 4009 tn
1189 3956 1317 4012 mpptbu,
1336 3957 1436 4012 pesnis
1457 3957 1587 4013 immensa
1613 3959 1706 4013 mma
1724 3960 1923 4029 exhilaramini,

296 4057 349 4101 tur.
370 4042 473 4098 Deinde
487 4040 746 4112 petimusdiceotcs‚
763 4055 794 4093 nc
808 4054 854 4092 nos
868 4036 978 4093 inducas
992 4036 1087 4090 interr·
1138 4045 1230 4102 {andeg
1250 4048 1355 4103 (10pr
1377 4062 1425 4102 (πθ
1448 4048 1623 4116 deprompsi„
1652 4049 1779 4119 gaudium
1804 4060 1925 4109 mmm

295 4136 445 4190 sartionem:
462 4133 532 4188 Deus
553 4130 625 4186 enim
648 4144 701 4186 non
726 4145 775 4200 per
800 4128 917 4200 scipsum
936 4124 1042 4214 inducit
1059 4125 1086 4179 in
1137 4136 1219 4189 otiam
1233 4135 1261 4189 ιη
1283 4136 1357 4190 sup„
1377 4134 1527 4196 (mendam,
1549 4136 1611 4204 qma
1635 4139 1804 4208 maiestatem
1824 4139 1926 4197 cmg

296 4225 485 4289 tentationem,
501 4223 549 4279 sed
562 4220 652 4277 induci
664 4222 766 4292 patitur
781 4235 842 4275 eum
857 4233 936 4291 quem
950 4233 1000 4273 suo
1010 4215 1087 4273 auti·
1137 4231 1163 4276 ct
1176 4221 1288 4293 gloriam
1309 4223 1383 4293 regni
1402 4222 1520 4279 cmlestis
1541 4231 1632 4279 mente
1648 4226 1813 4297 recogitatis.
1829 4228 1862 4284 Et
1880 4244 1924 4285 re·

296 4320 334 4374 lio
348 4316 512 4381 destituerit,
525 4330 557 4371 ac
574 4315 735 4379 deseruerit,
746 4312 841 4370 ordine
853 4310 1045 4377 occultissimo,
1059 4319 1087 4364 at
1139 4325 1202 4366 vera
1223 4319 1375 4382 magnsest
1390 4320 1418 4367 et
1432 4310 1575 4369 ineffabilis
1595 4328 1678 4369 causa
1698 4316 1841 4384 gaudendi,
1861 4330 1925 4375 cum

296 4409 404 4466 meritis
417 4408 560 4478 causisque
578 4420 649 4476 saepe
668 4403 829 4460 maniiestis.
845 4402 924 4458 dliud
940 4409 982 4457 est
997 4408 1086 4457 autem
1138 4400 1263 4457 andimus
1284 4409 1313 4456 et
1332 4400 1414 4456 corde
1430 4400 1540 4457 credulo
1553 4409 1717 4468 tractamus,
1734 4405 1805 4473 quod
1822 4406 1849 4460 in
1862 4420 1926 4464 cou-

295 4500 389 4557 iaduci
399 4500 428 4555 in
438 4499 622 4563 tcntatiooem,
635 4496 708 4553 aliud
718 4505 761 4553 cst
773 4494 871 4552 tentari
883 4513 890 4550 t
903 4494 965 4565 quia
977 4493 1086 4557 tentari,
1137 4502 1231 4567 sptectu
1249 4503 1349 4551 macte
1365 4492 1556 4561 multitudinis,
1577 4508 1658 4566 supra
1680 4497 1801 4553 omnium
1819 4507 1922 4557 creata

297 4589 415 4660 probare
436 4595 493 4653 est;
515 4587 585 4643 unde
598 4583 806 4658 scriptumest:
826 4583 982 4656 Vosodguli
996 4582 1087 4653 produt
1140 4601 1232 4643 rarum
1246 4585 1397 4643 otalestium
1413 4585 1572 4657 dignitatem
1581 4587 1692 4643 humsrd
1708 4590 1815 4659 generis
1828 4600 1924 4648 natura

294 4681 406 4750 locrus,
419 4687 443 4732 et
457 4678 574 4733 hordaea
579 4676 666 4748 juror
682 4675 789 4731 tentatio
805 4673 980 4730 tribulationis
990 4672 1084 4746 (Secti.
1140 4676 1345 4741 conmmanit,
1372 4689 1546 4747 supergressa
1581 4675 1716 4747 angelicos
1747 4677 1874 4745 ordines,
1897 4688 1926 4737 et

295 4770 396 4840 saort).
413 4766 505 4824 lodoci
530 4777 621 4823 autem
641 4768 668 4823 io
688 4766 875 4834 tentationem,
899 4775 941 4822 est
964 4764 1085 4837 superari
1138 4768 1209 4823 ultra
1224 4774 1382 4824 cunctarum
1395 4765 1564 4821 altitudinem
1581 4772 1742 4835 potestrtum
1758 4765 1873 4834 elevata,
1891 4772 1925 4827 ad

297 4860 449 4916 tenutione
468 4866 547 4929 atque
568 4858 715 4928 corrumpi.
739 4855 793 4914 Sed
810 4857 891 4912 litero
905 4873 952 4911 nor
973 4853 1085 4919 amoto,
1138 4857 1186 4913 Dei
1201 4856 1288 4912 Patris
1299 4864 1425 4926 provecta
1437 4861 1480 4910 est
1492 4868 1659 4909 musessum.
1678 4854 1746 4922 Quia
1757 4855 1838 4927 igitur
1850 4856 1921 4914 Chri

296 4952 352 5007 hoc
365 4957 408 5005 est
422 4949 457 5004 ab
466 4949 540 5005 ouini
551 4957 674 5020 peccam,
684 4949 742 5005 sive
753 4948 834 5005 etiam
854 4948 889 5005 ab
901 4959 1011 5005 auctore
1025 4962 1086 5018 pec-
1138 4948 1173 5004 sti
1191 4946 1314 5002 ascensio
1336 4954 1429 5002 nostra
1448 4944 1587 5015 provectio
1603 4951 1655 5009 cst,
1675 4954 1703 5001 et
1715 4960 1769 5015 qrto
1787 4948 1925 5018 praecessit

296 5040 365 5107 cati,
380 5041 433 5097 boc
444 5047 496 5106 est,
513 5039 637 5104 diabolo,
652 5053 686 5095 ne
702 5038 748 5095 ille
761 5055 810 5096 nos
824 5040 879 5096 suis
893 5039 1087 5095 tentationibus
1139 5035 1223 5107 gloria
1236 5035 1332 5105 capitis
1342 5048 1375 5089 oo
1386 5048 1448 5104 spes
1460 5032 1546 5090 tendit
1558 5034 1729 5102 etcorporis,
1740 5034 1828 5106 dignis
1837 5037 1924 5092 esuri

296 5132 411 5189 seducat
434 5140 516 5203 atquc
539 5129 664 5201 decipiat.
689 5126 827 5185 Drandurn
846 5139 889 5185 est
913 5128 985 5185 enim
1010 5128 1088 5184 nobis
1140 5136 1228 5182 temm
1249 5124 1363 5196 gaudiis,
1387 5130 1416 5178 et
1433 5123 1478 5193 pia
1497 5123 1646 5195 gratiarum
1670 5124 1775 5180 actione
1792 5124 1924 5182 memor.

297 5224 419 5295 quandiu
439 5238 533 5280 snmus
547 5224 574 5279 in
591 5221 717 5294 prasenti
736 5221 802 5286 vita,
817 5230 848 5275 ut
865 5235 917 5277 non
931 5220 1017 5275 solum
1034 5235 1086 5274 non
1139 5217 1224 5274 llodie
1242 5216 1315 5273 enim
1332 5230 1385 5272 aon
1405 5214 1491 5270 solum
1509 5214 1627 5286 paradisi
1642 5229 1812 5286 possessores
1826 5215 1926 5273 litmati

297 5316 459 5371 inducamur
474 5314 501 5369 in
515 5313 615 5368 malum
625 5326 679 5383 quo
692 5325 827 5374 caremus,
841 5312 888 5367 sed
901 5311 935 5364 ab
949 5311 993 5366 iilo
1004 5311 1087 5365 ctiam
1139 5323 1243 5372 samus,
1255 5306 1303 5361 sed
1316 5305 1398 5360 etiam
1412 5304 1542 5359 culorum
1557 5305 1584 5359 in
1596 5303 1704 5360 Christo
1716 5319 1833 5375 superna
1842 5320 1926 5376 pene·

296 5403 446 5460 liberemur
458 5402 580 5475 quoiam
594 5401 816 5457 inductisumus:
831 5399 972 5470 quodcum
988 5397 1087 5455 iacttrm
1139 5399 1281 5463 trahimus,
1302 5396 1433 5466 ampliora
1455 5394 1544 5467 adepti
1569 5411 1617 5467 per
1640 5394 1803 5452 inedabiiem
1825 5397 1927 5453 Christi

297 5494 394 5562 luerit,
421 5493 488 5550 nibil
517 5492 667 5549 remanebit
691 5489 905 5556 lorinidolosum,
935 5490 998 5559 quia
1026 5499 1088 5543 tunc
1139 5486 1265 5557 gratiam,
1292 5498 1373 5555 quam
1392 5496 1441 5554 per
1460 5481 1560 5541 diaboii
1583 5482 1761 5539 amiseramus
1784 5484 1924 5541 invidiam.

297 5588 427 5662 gaudium
439 5595 560 5643 nostrum
574 5585 626 5641 erit
637 5583 756 5656 plenum.
769 5582 845 5639 llanc
858 5597 922 5656 ergo
932 5581 1087 5638 Orationem
1143 5578 1210 5634 b'am
1225 5591 1294 5648 quos
1311 5574 1463 5631 virulentus
1476 5574 1603 5632 iuimicus
1617 5576 1699 5646 primi
1712 5576 1856 5633 habitaculi
1870 5574 1925 5631 ioli

297 5678 479 5743 Dominicam,
493 5675 592 5733 iratres
603 5672 772 5740 charissimi,
785 5686 845 5742 qim
859 5672 893 5727 ab
908 5672 966 5742 ipso
980 5681 1090 5727 auctore
1143 5674 1224 5727 citato
1243 5666 1350 5737 deiecit,
1367 5682 1415 5724 eos
1433 5665 1484 5723 sibi
1499 5678 1658 5737 corporatus
1670 5667 1717 5724 Dei
1731 5666 1859 5724 Filiusad
1877 5666 1929 5722 Da·

298 5780 396 5827 nostro
413 5778 442 5825 et
463 5765 591 5840 largitore
604 5766 724 5823 omnium
742 5765 875 5822 bonorum
895 5762 1017 5822 instituta
1036 5774 1088 5826 est,
1143 5763 1192 5817 tris
1207 5760 1346 5817 dextoram
1361 5758 1502 5816 collocarit
1516 5775 1523 5811 :
1537 5755 1733 5836 ascendamus,
1751 5755 1928 5834 dilectissimi,

299 5863 329 5919 in
350 5861 481 5918 memoria
502 5874 598 5915 omnes
618 5866 768 5923 teneamus,
792 5863 820 5911 et
840 5852 977 5910 intellectu
1001 5849 1090 5908 cordis
1143 5871 1204 5910 cunr
1218 5853 1326 5909 Cbristo
1347 5853 1455 5910 interim
1473 5852 1564 5916 corde,
1587 5865 1648 5907 cum
1667 5850 1725 5906 «ires
1738 5848 1797 5916 eius
1814 5848 1930 5918 promis·

299 5970 362 6011 eam
378 5952 478 6010 habere
493 5950 666 6013 destinemus;
685 5962 754 6020 puro
767 5961 815 6005 ore
831 5955 859 6002 et
872 5943 984 6017 paciilca
1001 5952 1089 5999 mente
1144 5959 1190 6000 sus
1202 5942 1349 6007 advenerit,
1362 5957 1508 6013 sequemur
1521 5950 1549 5997 et
1559 5954 1681 6010 corpore.
1696 5938 1772 5994 Scire
1784 5913 1930 5997 tamende·

463 6045 599 6105 Parnon.
622 6039 688 6104 CX.
1095 6123 1101 6132 ι
1301 6135 1319 6159 ⁸
1675 6031 1695 6089 2
