4500 6842
316 643 370 700 oss
781 646 957 704 conuasr.
978 647 1010 702 ru
1032 645 1260 708 naacutntnu.
1277 676 1311 687 -
1329 612 1394 703 arn.
1408 646 1501 736 'arat
1893 647 1943 701 sar

316 758 495 830 largissimam
511 759 612 830 proleur
623 768 712 815 restra
729 761 872 831 posteritas
885 762 1027 830 germinet.
1050 760 1103 815 Nec
1116 769 1143 828 Λ
1156 760 1306 832 persecutio
1316 758 1376 825 suit,
1390 747 1525 830 perquam
1536 757 1692 828 proscripce
1704 766 1765 827 sum
1775 756 1895 828 ecclcsiae
1906 770 1946 811 at-

315 851 421 915 audies,
436 851 530 922 irrquit,
545 851 676 922 amplius,
692 868 741 908 uec
755 852 901 908 sustinebis
918 849 1104 906 confusionem
1156 860 1345 921 qureuastatu,
1358 851 1464 920 qrrando
1478 848 1711 904 subsannaverunt
1721 845 1864 904 ecelesiam
1879 862 1945 918 gelt-

314 941 448 1015 gentium,
464 942 511 997 sed
528 942 813 1014 neeamittesgentem
827 953 909 1007 tuam,
922 941 1105 1013 utaliquando
1156 942 1242 999 tilium
1252 952 1280 998 et
1291 943 1478 1007 baereticorum
1493 936 1587 1011 gentes
1597 955 1645 1011 per
1655 938 1798 996 circuitum
1811 981 1817 1001 ,
1832 936 1903 1009 ‹prrod
1919 936 1946 990 in

315 1032 452 1089 sustineas
464 1032 659 1102 captiuitatem,
671 1032 798 1102 quoniam
810 1016 939 1087 Donninus
949 1033 1055 1087 locutus
1065 1042 1106 1088 cst
1158 1032 1218 1103 igne
1231 1024 1283 1086 zeli
1292 1041 1320 1086 et
1334 1030 1432 1085 luroris
1444 1030 1484 1085 sni
1500 1029 1606 1084 lo'eruus
1619 1029 1663 1094 sit,
1682 1038 1710 1084 et
1726 1029 1834 1099 proprie
1849 1027 1947 1083 adrer-

316 1122 385 1179 baee.
399 1123 613 1201 napappaoe'nbe
638 1138 714 1178 more
727 1120 838 1178 ludaico
855 1123 1019 1188 dixerimus,
1046 1139 1107 1205 quse
1157 1140 1216 1178 sum
1227 1121 1377 1187 idumeam,
1385 1137 1445 1191 ‹puan
1457 1122 1570 1175 terrenis
1584 1119 1710 1190 operibns
1721 1120 1828 1174 nolebat
1839 1132 1946 1182 atarnes,

311 1212 350 1268 illi
363 1214 557 1283 exspectantiu
569 1213 641 1268 mille
652 1228 782 1267 annorum
794 1212 1003 1283 regumquando
1012 1212 1107 1267 cirita·
1157 1216 1277 1285 deposita
1290 1216 1406 1287 imagine
1416 1216 1544 1279 coelestis,
1555 1225 1665 1285 portare
1680 1215 1823 1286 imaginem
1835 1212 1945 1269 terreni.

314 1308 371 1359 tua
387 1300 555 1359 Hierusalem
574 1312 699 1358 asserunt
714 1304 915 1368 exstruendam,
927 1312 954 1357 ⁰¹
979 1303 1108 1373 templum
1157 1308 1196 1365 llli
1211 1309 1281 1363 cuiun
1296 1309 1426 1364 dederunt
1447 1314 1546 1361 terrant
1564 1305 1609 1360 Dei
1632 1306 1683 1361 sibi
1705 1305 1732 1360 iu
1747 1307 1945 1367 luereditateur,

315 1392 393 1463 quod
409 1393 436 1447 in
458 1394 511 1449 line
524 1393 603 1464 hujus
614 1393 758 1448 roluruiuls
771 1393 944 1459 describitur,
963 1402 991 1448 et
1015 1408 1106 1447 rerum
1157 1410 1185 1454 ct
1199 1415 1231 1453 ex
1255 1398 1406 1454 totocorde
1431 1408 1511 1465 atque
1525 1410 1558 1450 ex
1573 1397 1662 1460 anirno
1677 1388 1818 1451 eeclesiam
1840 1392 1946 1449 Domini

315 1485 437 1541 oruuium
447 1484 611 1542 totietatem.
620 1485 737 1554 Quorum
747 1486 865 1542 nonnulli
875 1487 1044 1541 arbitrantur
1056 1486 1106 1541 srrb
1157 1490 1293 1561 persecuti
1316 1497 1389 1552 suut,
1404 1496 1432 1543 et
1444 1484 1583 1555 ejecerunt
1603 1502 1661 1541 eanr
1677 1485 1710 1541 de
1723 1484 1832 1541 scdibrrs
1849 1486 1906 1542 suis
1923 1492 1950 1541 et

315 1577 466 1635 zorobabel
474 1580 529 1636 baec
538 1577 621 1636 luisse
628 1580 771 1652 completa.
780 1579 832 1636 Sed
840 1580 1053 1652 quourodostare
1064 1596 1108 1651 po
1158 1585 1341 1657 uastauerant.
1359 1576 1411 1632 Sed
1427 1576 1491 1646 quid
1505 1575 1605 1647 proluit
1617 1576 1789 1641 nationibus,
1802 1575 1866 1646 qrtid
1877 1576 1948 1648 jurit

315 1670 399 1726 tuerit
406 1671 458 1726 boe
466 1671 538 1742 quod
547 1671 644 1726 dicitur
659 1685 666 1725 :
681 1689 690 1722 r
706 1672 739 1725 Et
748 1670 864 1727 babitari
875 1686 923 1726 ros
933 1670 1029 1725 faciam
1041 1672 1108 1726 sieut
1160 1672 1347 1727 baeretieorum
1365 1679 1459 1740 gentes
1477 1668 1620 1724 insultasse
1635 1677 1714 1723 terrae
1734 1667 1859 1733 Douriui,
1884 1685 1945 1724 curu

314 1747 1110 1832 aprincipio,bonisquedouabomajoribusquambbbuis·
1160 1764 1285 1832 loqrrator
1301 1763 1409 1816 adeam
1433 1771 1461 1817 et
1482 1760 1618 1815 montibus
1631 1759 1702 1815 illius
1724 1758 1892 1829 collibusque
1915 1774 1946 1812 ae

315 1852 394 1908 tieab
415 1852 509 1908 initio?
526 1873 535 1907 t
554 1852 610 1908 Sub
623 1854 771 1910 zorobabel
785 1856 858 1911 euim
871 1854 940 1909 Ezra
954 1864 982 1911 et
1000 1855 1108 1910 Neemia
1158 1855 1240 1926 jugis,
1253 1854 1310 1909 sire
1321 1852 1472 1918 nemorosis
1488 1850 1564 1915 loeis,
1580 1865 1640 1920 quae
1652 1848 1810 1903 amoeuitate
1824 1847 1949 1904 virebant

315 1942 395 2013 parnei
407 1941 440 1997 de
451 1942 548 2014 populo
561 1953 623 1999 sunt
637 1943 749 2007 reducti,
762 1953 789 1999 et
803 1944 851 2014 ipsi
862 1945 1018 2001 obedientes
1026 1945 1110 2001 bledis
1160 1947 1288 2018 paradisi,
1301 1955 1328 2025 et
1340 1944 1463 2009 collibus,
1478 1944 1510 1998 de
1524 1942 1621 2011 quibus
1633 1955 1714 2011 supra
1724 1940 1842 1995 diximus
1850 1938 1876 1995 in
1890 1939 1948 1992 zelo

316 2045 350 2087 ὅθ
360 2030 461 2096 Persis,
471 2040 499 2085 et
511 2032 634 2101 leinceps
645 2030 835 2088 Macedonibus
845 2041 872 2088 ct
886 2032 1019 2104 AEgyptiis
1030 2042 1110 2103 atque
1162 2048 1189 2094 et
1204 2039 1230 2093 iu
1249 2038 1340 2093 lurore
1353 2051 1401 2091 suo
1427 2034 1532 2089 locutus
1555 2034 1609 2096 sit,
1630 2040 1657 2085 et
1672 2030 1816 2102 opprobrio
1830 2027 1945 2101 pittatium

317 2118 540 2190 Romutrisusque
550 2122 583 2177 ad
594 2122 683 2177 'litum
697 2131 725 2177 ct
736 2123 930 2193 Vespasianum
945 2124 1111 2179 diversarum
1126 2105 1149 2163 B
1163 2129 1349 2185 lenetmanum
1363 2140 1438 2181 suam
1450 2130 1543 2179 eontra
1555 2120 1736 2186 aduersarios,
1747 2119 1793 2189 qui
1806 2115 1949 2172 ecelesiam

301 699 309 755 ἶ

315 2210 436 2282 gentium
447 2211 554 2282 regibus
564 2213 717 2268 servierunt
731 2232 737 2267 :
750 2221 778 2269 et
794 2228 878 2283 usque
889 2214 969 2270 bodie
980 2216 1110 2278 serviunt,

315 2307 346 2354 nt
360 2307 434 2355 stare
451 2301 561 2356 orurriuo
585 2318 637 2357 non
652 2304 738 2373 possit
754 2304 822 2370 buc,
848 2306 921 2375 quod
943 2306 970 2359 in
989 2315 1109 2360 extrema

315 2388 417 2445 dieitur
437 2391 588 2469 propbetia.
611 2409 620 2443 e
641 2392 672 2447 Et
686 2395 859 2464 opprobrium
882 2395 1041 2466 populorum
1064 2411 1111 2450 ne-

314 2496 452 2554 quaquam
465 2482 597 2553 portabis,
615 2494 642 2540 et
657 2494 764 2557 gentem
781 2493 854 2539 tuam
866 2501 920 2540 non
933 2485 1042 2541 amittes
1054 2501 1111 2540 arn·

314 2570 396 2642 plius.
419 2590 429 2623 t
456 2571 491 2626 Et
504 2572 567 2643 qrria
583 2572 692 2644 longum
704 2584 747 2629 est
769 2590 840 2630 nuuc
855 2576 999 2631 aduersum
1013 2575 1110 2647 dogma

315 2657 457 2717 ludoicum
475 2669 503 2718 et
523 2662 717 2719 beatitudinem
732 2665 820 2719 ventri
834 2672 862 2720 et
878 2665 981 2737 guttum
999 2662 1111 2722 ludaico

307 2743 491 2818 'eerriemetm
502 2753 564 2824 qrria
575 2755 665 2809 omnia
679 2761 785 2810 terrena
795 2756 960 2822 desiderant,
969 2765 997 2811 et
1006 2757 1110 2823 dicunt,

315 2840 508 2900 llanducemus
521 2854 549 2899 et
561 2845 696 2913 bibamus,
716 2847 749 2903 de
765 2848 862 2918 qrribus
874 2856 901 2903 et
913 2847 1058 2919 Apostolus
1073 2849 1111 2906 lo

315 2933 428 3004 quitur:
449 2951 458 2986 t
474 2934 543 2990 lisca
556 2937 660 3003 uentri,
685 2944 712 2993 et
724 2947 820 2993 uenter
833 2939 919 3005 escis;
936 2939 1006 2995 Deus
1020 2947 1111 2996 autern

315 3030 347 3079 et
368 3022 441 3079 bane
455 3031 483 3079 et
497 3023 570 3079 illam
586 3024 708 3081 destruet
724 3025 749 3097 (l
769 3026 830 3080 Cor.
849 3026 905 3098 rt»,
922 3027 948 3081 iu
963 3028 1040 3083 breti
1062 3044 1110 3083 ox-

315 3109 471 3184 planatione
485 3111 587 3179 dicere,
603 3130 675 3170 rruue
694 3116 728 3170 ad
746 3115 894 3191 spiritalem
907 3115 1110 3189 intelligentiam

316 3209 499 3271 transeamus,
520 3204 598 3275 juxta
616 3222 697 3277 quam
709 3216 737 3263 et
751 3216 889 3264 extremas
909 3219 1002 3279 partes
1024 3212 1111 3266 iuter-

315 3296 417 3366 prelati
437 3310 541 3353 snmus.
560 3295 652 3367 Neque
668 3299 739 3353 enim
752 3297 830 3367 juxta
849 3297 975 3356 ludaieas
990 3299 1111 3367 tabulas,

1163 2220 1297 2293 persecuti
1317 2219 1388 2281 sint,
1407 2228 1436 2273 ut
1458 2223 1566 2286 portent
1580 2212 1764 2278 contusionem
1785 2218 1813 2264 et
1836 2208 1951 2281 ignorari-

1163 2312 1234 2367 uiam
1245 2310 1339 2366 suam?
1351 2308 1426 2364 Tunc
1437 2304 1654 2378 persecutoribus
1667 2299 1827 2364 interiectis,
1845 2308 1873 2354 ct
1883 2314 1951 2369 paco

1162 2400 1290 2461 Ecclesiae
1302 2398 1417 2462 reddita,
1429 2405 1534 2452 montes
1544 2391 1642 2459 lsrael,
1655 2388 1775 2461 Apostoli
1788 2386 1911 2443 videlicet
1925 2396 1952 2440 ot

1163 2492 1302 2565 apostolici
1311 2491 1360 2545 riri
1372 2485 1677 2559 germinabuotarbores
1687 2496 1762 2548 suas,
1770 2475 1952 2534 etentendeut

1163 2600 1253 2642 ramos
1265 2598 1384 2652 uvasque
1395 2582 1518 2638 adferent
1534 2578 1678 2635 calcandas
1691 2576 1719 2630 in
1733 2571 1815 2656 prado
1828 2567 1950 2630 Domini,

1161 2674 1307 2747 dequibus
1325 2682 1411 2729 musta
1425 2671 1583 2735 laudantur,
1600 2682 1660 2740 quae
1678 2663 1813 2720 inebrient
1836 2658 1950 2715 creden·

1162 2769 1229 2824 tiurn
1254 2765 1382 2839 populos,
1407 2773 1435 2818 et
1447 2760 1609 2833 exprimitur
1622 2759 1714 2813 uinum
1736 2754 1809 2826 quod
1833 2748 1953 2806 letificat

1162 2876 1210 2916 eor
1222 2857 1340 2915 bominis
1355 2870 1363 2910 z
1377 2865 1407 2911 ut
1423 2852 1511 2910 omnis
1529 2850 1633 2906 fruetus
1652 2846 1794 2910 montium,
1807 2844 1840 2899 de
1854 2839 1953 2916 quibus

1162 2950 1305 3008 coniicitur
1318 2946 1396 3019 prauis
1418 2946 1451 3001 de
1464 2943 1534 2999 coelo
1546 2939 1731 3004 descendeus,
1756 2934 1914 2992 comedatur
1937 2942 1951 2981 a

1156 3021 1260 3112 'popina
1277 3040 1324 3095 Dei
1337 3038 1428 3095 lsrael.
1442 3036 1475 3091 Et
1488 3051 1523 3091 ne
1534 3033 1648 3089 forsitan
1662 3031 1836 3101 desperemus
1849 3026 1876 3081 in
1889 3039 1953 3095 per-

1163 3134 1355 3195 secutionibus,
1381 3131 1513 3188 additur:
1532 3149 1541 3181 e
1558 3128 1646 3198 Prope
1668 3134 1710 3181 est
1725 3134 1832 3196 tempus
1855 3128 1885 3176 ut
1907 3135 1953 3188 re·

1162 3228 1229 3281 uiat.
1253 3223 1370 3280 Veniens
1383 3222 1456 3277 enirn
1471 3221 1571 3285 ueniet,
1586 3227 1613 3273 et
1629 3233 1681 3272 nou
1697 3214 1815 3271 tardabit
1835 3210 1950 3289 (liobae.

1163 3316 1204 3387 u).
1220 3315 1296 3372 llude
1313 3329 1392 3371 suum
1405 3313 1439 3368 ad
1453 3319 1560 3366 montes
1574 3318 1602 3366 et
1621 3309 1655 3363 ad
1671 3321 1729 3374 eos,
1744 3305 1790 3376 qui
1801 3303 1953 3361 tribulatio·

315 3396 385 3455 ΨΜ
396 3383 435 3442 ῑῑῙῑ
449 3384 615 3465 &mpsim
629 3388 772 3460 ³Dll0¹¹³¹¹¹t
785 3381 948 3460 {gemmatam
962 3399 990 3446 ⁰²
999 3406 1109 3447 ²¹¹¹i0³¹¹¹
1124 3437 1147 3499 C
1163 3405 1243 3460 nibus
1262 3404 1453 3473 perdurarunt,
1466 3399 1611 3470 pollicetur
1623 3397 1769 3452 adrentum
1783 3402 1865 3465 atque
1887 3407 1952 3466 pro·

315 3476 352 3537 ⁶⁰
361 3480 874 3552 ⁰0¹⁰ffll'0012ffl1181110111521011bss00
885 3499 991 3539 rursum
1002 3486 1108 3555 passuri
1163 3494 1257 3557 mittit,
1269 3492 1340 3563 ‹prrod
1355 3480 1552 3562 persecutionis
1567 3488 1692 3544 ardorem
1706 3494 1867 3543 exerceatur
1879 3492 1953 3540 terra

315 3568 533 3627 circumcisionis
556 3570 695 3641 iujuriam,
717 3588 767 3628 nce
787 3572 904 3629 oblaturi
920 3583 1059 3629 taurorum
1082 3583 1111 3628 et
1160 3584 1237 3653 prins
1252 3574 1378 3651 decerpta
1399 3565 1505 3636 christi
1521 3593 1631 3635 vennere
1646 3587 1673 3633 et
1694 3593 1802 3633 omniun
1823 3578 1953 3652 uirtutum

316 3661 577 3730 arietumvictimas,
592 3664 756 3720 neesabbati
771 3665 827 3719 otio
841 3664 1005 3719 dormiemus
1020 3682 1027 3717 ι
1040 3666 1111 3734 quod

315 3752 440 3812 annulli
460 3763 614 3810 nostrorum
631 3765 659 3811 et
687 3758 823 3827 precipue
846 3756 1005 3811 Tertulliani
1030 3757 1110 3822 liber,

316 3844 365 3917 qui
382 3843 540 3901 inscribitur
554 3846 586 3900 de
600 3843 651 3917 Spe
664 3846 835 3915 fidelium,et
850 3845 984 3902 Lactanui
1001 3846 1111 3901 institu-

318 3935 423 3990 tionum
444 3935 570 3991 rolnmen
594 3937 737 4006 septimum
752 3936 912 4007 pollicetur,
933 3944 960 3990 et
981 3935 1110 3992 l'ietoriui

318 4023 526 4085 petabionensis
537 4028 660 4100 Episcopi
672 4032 774 4084 crebrae
786 4032 979 4101 expositiones,
990 4041 1017 4087 et
1028 4046 1113 4101 nuper

319 4118 439 4187 &uerus
457 4129 550 4176 noster
568 4120 597 4175 in
612 4120 727 4193 dialogo,
746 4114 789 4177 eui
802 4121 879 4179 Gallo
900 4138 998 4177 nomeu
1023 4122 1111 4191 impo-

319 4211 375 4266 suit
391 4229 397 4265 :
418 4218 445 4266 et
456 4219 486 4265 ut
496 4208 605 4266 Graecos
615 4212 762 4278 nominem,
776 4223 803 4268 et
817 4214 933 4283 primurn
949 4222 1112 4270 extremum-

319 4316 374 4371 que
391 4303 562 4372 conjungam,
582 4302 698 4358 lrerraeas
720 4314 747 4358 et
774 4303 946 4373 Apollinaris.
968 4304 1023 4360 Nos
1048 4320 1113 4375 ergo

319 4393 428 4447 nitentes
442 4392 523 4447 lsrael
535 4391 684 4462 l’ropbetas
698 4403 725 4450 et
737 4393 880 4465 Apostolos
899 4412 959 4452 esse
973 4398 1113 4465 dicemus,

321 4482 369 4553 tpui
384 4482 498 4538 audiunt
511 4484 622 4539 uerbum
637 4484 695 4552 Dei,
711 4494 739 4539 et
751 4472 848 4555 utribus
865 4487 987 4542 diabolas
1000 4488 1114 4543 insulta·

318 4574 361 4629 vlt
372 4573 498 4629 iuimicus
508 4574 600 4629 dicem
613 4592 620 4628 ε
633 4574 724 4646 liupe,·
735 4576 835 4631 excelsi
848 4577 983 4647 qnondam
996 4589 1113 4645 montes,

1163 3680 1311 3727 seuientem
1327 3668 1451 3742 recipiat,
1464 3669 1496 3723 de
1510 3682 1562 3737 qua
1573 3666 1758 3722 nascantbret
1771 3665 1952 3737 multiplicen-

1163 3770 1207 3817 tnr
1223 3761 1354 3824 bomiues,
1368 3767 1395 3814 ct
1406 3758 1495 3813 omnis
1507 3757 1603 3813 domus
1616 3755 1707 3812 lsrael.
1726 3753 1848 3825 Cumque
1862 3752 1955 3809 cirita·

1165 3863 1214 3917 tes,
1231 3854 1282 3907 boe
1299 3862 1350 3914 est,
1364 3850 1484 3906 ecclesiae
1497 3848 1664 3904 credentium
1680 3846 1782 3903 inerint
1796 3845 1954 3902 iubebitaue

1165 3943 1340 3999 redeuntibus
1355 3941 1451 4006 turbis,
1464 3950 1528 3995 tunc
1539 3953 1709 4008 ucqrraquam
1717 3936 1804 3993 solum
1818 3935 1952 3999 bomines,

1164 4037 1208 4106 qai
1225 4034 1363 4104 pollebunt
1377 4032 1488 4088 seientia
1501 4029 1702 4101 seripturarum
1716 4046 1722 4081 :
1734 4027 1781 4082 sed
1796 4035 1823 4082 et
1831 4025 1953 4094 jurulenta

1164 4129 1299 4199 siruplices
1318 4126 1417 4196 quique
1428 4124 1594 4180 credentium
1610 4119 1859 4191 multiplicabuntur
1874 4125 1957 4187 atque

1165 4226 1349 4275 succrescent.
1364 4216 1397 4270 Et
1408 4214 1601 4270 habitabuntur
1610 4211 1732 4276 eeclesiae
1745 4210 1815 4265 sieut
1829 4223 1844 4262 a
1856 4199 1956 4278 princi-

1165 4309 1220 4380 pio,
1244 4308 1296 4363 boe
1308 4314 1366 4371 est,
1384 4305 1540 4375 priusquam
1555 4309 1627 4358 esset
1640 4299 1804 4372 persecutio.
1819 4287 1956 4367 Bitnisqn'e

1165 4398 1300 4454 florebunt
1313 4395 1469 4466 nlaioribus,
1481 4409 1563 4464 quam
1574 4392 1729 4447 babuerunt
1739 4391 1773 4445 ab
1783 4388 1871 4451 initio,
1885 4401 1957 4440 tuar-

1167 4500 1255 4563 tyrum
1271 4489 1392 4544 uictoriis
1406 4494 1551 4542 coronatae.
1568 4485 1601 4540 Et
1622 4493 1686 4540 tuue
1699 4484 1794 4548 scient,
1812 4482 1884 4552 quaed
1898 4482 1956 4552 ipse

1167 4581 1203 4637 sit
1216 4579 1355 4643 Dominus,
1371 4578 1417 4650 qui
1429 4577 1548 4632 restituit
1562 4575 1668 4647 plebem
1684 4589 1759 4629 suam
1773 4573 1887 4642 pristiam
1902 4580 1956 4626 sta-

320 4664 355 4721 de
368 4664 608 4736 quibusscripturn
628 4674 670 4721 cst
695 4685 702 4720 :
720 4687 728 4717 r
746 4667 849 4724 lloutes
863 4671 1017 4725 incircuitu
1037 4672 1113 4741 ejus,
1168 4674 1218 4739 tui,
1235 4688 1295 4743 qrtae
1308 4672 1445 4742 possideat
1458 4669 1599 4733 ecelesias,
1611 4677 1638 4723 rt
1651 4668 1708 4735 ipsa
1726 4666 1761 4721 sit
1779 4663 1954 4720 ceclesianun

318 4766 349 4813 et
359 4758 490 4813 Dominus
500 4758 526 4813 iu
537 4759 650 4814 circuitu
663 4760 801 4829 populisui
813 4758 900 4832 (Psoi.
912 4762 1014 4833 curru),
1027 4782 1036 4813 r
1049 4751 1113 4819 inibi
1129 4780 1154 4839 Ι)
1167 4766 1322 4821 baereditas·
1353 4765 1386 4820 bt
1408 4778 1578 4833 nequaquam
1601 4760 1671 4814 ultra
1693 4759 1795 4826 absque
1815 4753 1908 4808 liberis
1921 4753 1958 4808 sit

319 4848 378 4904 dati
391 4857 456 4903 suut
466 4850 493 4904 in
513 4851 722 4919 possessionem,
735 4854 843 4923 qrrando
856 4856 1052 4924 persecutionis
1065 4872 1115 4911 an·
1167 4872 1235 4927 quos
1251 4858 1278 4912 in
1293 4856 1480 4928 perseeutione
1494 4851 1657 4922 perdiderat.
1676 4847 1752 4902 Unde
1764 4844 1875 4912 iubetur
1894 4858 1957 4914 pro-

318 4941 421 5013 gustiis
433 4940 545 4997 desolati
560 4951 640 5009 sunt,
655 4951 682 4999 et
695 4945 845 5000 conculcati
856 4961 905 5016 per
915 4946 1074 5019 circuitum,
1089 4958 1115 5004 ot
1166 4948 1260 5018 pheta,
1272 4953 1302 4999 ut
1317 4945 1443 5013 loquatur
1457 4942 1491 4996 ad
1509 4950 1609 4995 terram
1627 4946 1827 4993 ruarrsuctoruur
1845 4944 1955 5004 ternan-

318 5031 389 5088 laeti
403 5032 430 5085 iu
443 5031 627 5088 hereditatem
639 5034 751 5106 reliquis
761 5036 897 5106 gentibus,
910 5045 937 5091 et
947 5038 981 5092 ab
991 5038 1117 5093 emuiltus
1167 5054 1220 5109 que
1235 5036 1392 5100 virentium,
1408 5035 1465 5089 sire
1476 5034 1510 5089 ad
1522 5028 1627 5087 montes
1637 5030 1728 5096 lsrael,
1745 5037 1772 5085 et
1786 5029 1858 5084 dieat
1870 5044 1877 5081 ε
1891 5027 1955 5082 Per·

319 5122 516 5192 blasphemati.
535 5122 682 5195 Propterea
695 5124 815 5196 loquitur
829 5125 960 5183 Dominus
972 5128 1114 5183 conculca·
1168 5136 1321 5182 secutorum
1336 5126 1404 5180 ultra
1421 5140 1474 5179 noo
1491 5123 1603 5194 patiaris
1613 5122 1798 5194 opprobrium,
1811 5136 1860 5176 uec
1874 5119 1957 5175 insul·

318 5216 358 5271 tis
373 5215 512 5270 montibus
520 5224 548 5271 et
558 5217 698 5282 desolatis,
707 5225 800 5274 et'uou
811 5218 899 5289 solum
910 5219 1055 5283 urorrtibus,
1068 5221 1116 5276 sed
1170 5215 1417 5286 tabuutp'ngulaturu
1424 5215 1549 5287 populum
1560 5224 1645 5279 tuum,
1654 5213 1724 5269 sicut
1732 5213 1955 5269 ot'esoccisiouis.

318 5316 350 5361 ct
364 5300 583 5360 interioribusue
597 5307 881 5379 persingulosgradus
895 5309 1117 5377 iuterraludaea,
1171 5308 1241 5363 Pace
1251 5308 1322 5364 euim
1347 5308 1460 5371 reddita,
1484 5307 1626 5378 opprobria
1647 5308 1773 5363 rruirersa
1799 5311 1954 5365 cessabunt.

319 5394 462 5451 boccstiu
472 5397 697 5454 montelieelesiae
708 5401 871 5467 constitutis,
882 5402 1117 5475 dequascriptum
1170 5398 1227 5455 llec
1251 5399 1396 5455 sustinebis
1419 5398 1604 5455 confusionem
1629 5407 1657 5453 et
1686 5399 1859 5470 ignorniniarn
1887 5401 1957 5454 iuter

318 5495 366 5541 est
379 5499 387 5539 ε
402 5484 484 5541 «bon
495 5494 584 5557 potest
595 5488 690 5544 ciuitas
702 5490 829 5545 abscondi
844 5506 925 5562 snper
938 5501 1058 5549 montem
1070 5509 1118 5565 po·
1170 5494 1293 5549 diversas
1304 5493 1331 5547 in
1348 5493 1462 5547 circuitu
1481 5494 1616 5557 nationes,
1630 5494 1677 5548 sed
1694 5502 1803 5564 gentem
1818 5501 1891 5547 tuam
1911 5492 1945 5549 ba

319 5579 376 5636 sita
391 5576 499 5650 (licuit.
513 5579 552 5653 u).
570 5579 625 5635 »lb
639 5580 752 5638 collibus
771 5590 851 5653 atque
863 5584 1041 5651 torrentibus,
1053 5601 1119 5656 quo-
1170 5583 1247 5640 bebis
1259 5593 1286 5639 et
1297 5583 1423 5653 populum
1437 5602 1443 5637 :
1460 5584 1523 5653 qnia
1533 5568 1633 5640 veritas
1647 5584 1833 5653 promissionis
1844 5582 1957 5638 Domino

317 5685 386 5728 nrm
403 5670 493 5727 bieme
508 5672 741 5742 persecutionum,
755 5681 785 5728 et
804 5682 963 5743 tenrpestate
982 5691 1116 5745 pressura
1169 5672 1296 5743 loquente
1309 5673 1416 5730 firmata
1433 5683 1484 5730 est.

319 5768 441 5832 augetur
453 5759 530 5817 tides.
542 5761 660 5819 labibus
670 5778 777 5834 quoque
788 5763 896 5835 lris,qni
908 5766 1058 5821 bumilitate
1068 5767 1116 5822 de·
1209 5783 1217 5815 ι
1239 5764 1272 5819 Et
1287 5764 1386 5819 laetum
1404 5774 1445 5820 est
1460 5765 1572 5835 verbum
1593 5764 1699 5819 Domini
1719 5763 1752 5818 nd
1775 5776 1818 5816 rue
1841 5761 1958 5816 diceus:

321 5849 412 5924 pressi
427 5858 506 5917 sunt,
519 5860 547 5906 et
561 5851 677 5906 desertis
691 5852 820 5907 Ecclesiis
833 5861 860 5906 et
881 5853 1022 5922 parietinis
1037 5863 1118 5925 atque
1175 5872 1184 5904 t
1203 5853 1253 5908 Fili
1272 5854 1399 5921 bominis,
1414 5856 1509 5911 domus
1520 5855 1600 5910 lsrael
1620 5855 1810 5909 babitareruut
1829 5852 1854 5906 in
1877 5852 1960 5907 buum

318 5942 359 6010 in·
378 5947 435 5995 toto
463 5940 529 5997 orbe
553 5941 731 5996 eeclesiarum
750 5943 937 5998 conciliabulis
961 5944 1116 6011 derelictis,
1176 5953 1294 6000 «straet
1316 5946 1467 6016 polluerunt
1481 5961 1541 6001 eam
1567 5947 1592 5999 iu
1608 5947 1660 6000 uiis
1685 5947 1788 6001 suiset
1810 5945 1837 6000 in
1862 5944 1957 6001 studiis

324 6030 415 6102 qrralis
438 6031 489 6087 tub
505 6029 672 6089 Diocletiano
686 6040 712 6089 el
729 6032 893 6091 Maximiano
917 6034 944 6089 in
970 6044 1027 6091 toto
1051 6036 1117 6093 orbe
1176 6055 1186 6089 r
1205 6036 1270 6093 suis.
1284 6028 1367 6099 lucta
1380 6037 1576 6093 itumrrnditiaua
1591 6043 1764 6094 menstruata
1777 6036 1849 6094 lacta
1860 6046 1902 6095 est
1918 6036 1961 6092 ria
