4500 6842
306 698 360 757 8¹15
636 699 668 755 B.
689 699 815 757 RABAN!
835 699 944 758 nediu
962 700 1119 758 auetllee.
1142 702 1297 763 MOGUNT.
1317 706 1459 763 orntum
1479 707 1571 764 etus
1588 707 1620 763 ti.
1882 708 1938 766 Μ

306 812 453 872 wudetrant
463 810 498 870 ad
507 811 737 886 pulchritudinem
747 813 900 879 muliemm,
915 814 958 869 vel
977 814 1094 870 alienum
1108 820 1135 881 A
1147 816 1212 873 beot
1223 818 1307 873 vitam
1319 827 1449 878 aeternam
1468 821 1495 877 in
1510 820 1619 878 Christo
1630 820 1694 878 iesu
1706 820 1822 880 baninu
1833 830 1940 892 utute,

305 902 408 976 aliquid
430 902 465 958 ad
483 903 751 974 concupiscendum,
765 920 836 961 nunc
860 903 945 960 multo
968 905 1099 961 intentius
1148 907 1228 963 sirum
1240 923 1302 963 cum
1315 909 1361 966 illo
1381 919 1483 967 aeterna
1496 913 1593 983 gaudia
1608 911 1791 983 possidentes,
1811 924 1863 985 per
1880 921 1940 966 crs·

305 992 524 1063 circumspiciant
542 1008 689 1064 pauperes,
711 994 822 1061 debiles,
842 1009 942 1066 egenos
958 996 992 1050 ad
1014 996 1098 1051 mise-
1148 998 1192 1052 nia
1205 999 1302 1054 saecula
1314 1000 1484 1057 saecvdovum.
1495 1004 1591 1058 nmen.

305 1085 431 1142 modum.
457 1084 544 1139 Aures
572 1100 632 1155 quae
662 1086 867 1142 delectabantur
891 1087 984 1142 auditu
1011 1101 1098 1152 rano,
1417 1089 1558 1147 nonunt
1577 1092 1671 1149 Cb'xl.

305 1190 378 1234 uunc
401 1184 592 1232 convertimur
611 1176 648 1233 ad
670 1178 834 1234 audiendum
850 1178 962 1233 verbum
987 1177 1047 1244 liei,
1064 1178 1097 1232 ad
1426 1196 1491 1237 rrsu
1511 1198 1547 1238 ur
1564 1198 1659 1240 surum

305 1268 473 1338 explananda
488 1267 579 1323 divina
601 1278 754 1340 precepta.
772 1278 801 1325 et
823 1270 858 1325 ad
881 1270 1038 1339 capiendam
1054 1284 1098 1324 m·
1216 1269 1310 1325 Lectio
1322 1271 1408 1327 sancti
1419 1271 1556 1342 Evangelii
1571 1274 1721 1329 secundum
1734 1272 1866 1330 barcam.

304 1359 414 1429 pientiae
428 1358 615 1429 disciplinam
637 1359 726 1431 lingula
750 1374 811 1430 quae
827 1360 957 1415 conviciis
974 1368 1002 1413 ct
1015 1359 1098 1415 maie-
1181 1357 1215 1413 1n
1229 1360 1274 1414 itio
1288 1370 1412 1432 ternpore,
1429 1378 1488 1416 cum
1507 1363 1590 1417 mutto
1604 1364 1680 1418 turba
1701 1373 1766 1418 emet
1781 1382 1842 1418 cum
1861 1362 1942 1431 Jess,

304 1449 467 1506 dictionibus
479 1457 525 1504 aut
541 1449 714 1521 turpiloquiis
730 1457 789 1505 erat
811 1457 930 1514 assumta,
947 1464 1018 1504 nuuc
1033 1464 1097 1503 oon-
1147 1466 1194 1505 acc
1209 1451 1330 1505 lrabereut
1344 1452 1414 1522 quod
1428 1453 1626 1522 murmurarent,
1640 1456 1788 1511 conuocatis
1803 1455 1942 1526 discipula

305 1552 428 1599 vertatur
440 1541 474 1597 atl
490 1541 703 1598 benedicendum
724 1542 822 1609 Deunn
841 1540 869 1596 in
887 1540 960 1596 omni
976 1549 1096 1610 tempore
1146 1542 1211 1603 srvis,
1229 1542 1266 1594 nit
1281 1542 1354 1613 iilis:
1369 1542 1495 1598 llivereor
1507 1561 1585 1614 anper
1597 1544 1713 1610 turbem,
1728 1546 1792 1617 quin
1810 1562 1869 1601 ecce
1880 1546 1942 1617 jerat

303 1646 457 1690 sermonem
467 1647 562 1688 mnum
576 1631 706 1701 proterat,
722 1640 751 1688 ct
770 1633 922 1696 ltonestum,
934 1630 1018 1701 etqui
1033 1629 1097 1685 aedi-
1148 1631 1235 1684 triduo
1250 1633 1379 1686 stistinent
1395 1650 1445 1698 ine,
1457 1650 1503 1688 nec
1514 1634 1608 1688 babent
1618 1634 1688 1705 quod
1700 1635 1869 1702 manducent,
1881 1635 1942 1691 etri

305 1722 368 1780 licet
377 1723 528 1788 autlieutes,
543 1723 715 1779 mendacium
730 1723 848 1786 deserat,
861 1729 889 1778 ct
900 1720 1043 1775 ueritatem
1057 1718 1097 1773 lo·
1146 1723 1269 1777 dimisero
1285 1725 1454 1795 eosjejunos,
1466 1722 1585 1794 deficient
1597 1726 1624 1780 in
1636 1726 1756 1803 uirqctc.

304 1823 404 1885 qumur
424 1831 485 1870 cum
507 1816 631 1885 proximo
654 1830 712 1869 suo.
740 1814 794 1869 Sed
807 1813 872 1883 quid
895 1828 964 1883 opus
977 1820 1019 1867 est
1039 1812 1097 1867 brec
1181 1814 1209 1868 ln
1223 1815 1275 1869 lrac
1290 1815 1403 1871 lectione
1415 1817 1610 1871 eorvsidcranda
1624 1826 1667 1873 cst
1680 1816 1707 1872 iu
1719 1833 1773 1873 nno
1787 1817 1941 1888 codemque

304 1907 410 1978 singula
424 1909 570 1977 prosequi,
595 1923 655 1963 cum
674 1916 765 1978 pateat
779 1908 905 1963 omnibus
921 1906 1094 1976 uniuscujus·
1146 1908 1316 1978 redemptore
1341 1919 1435 1965 nostro
1452 1910 1578 1965 distincta
1599 1912 1721 1981 operatio
1743 1911 1896 1969 divinitatis
1909 1920 1939 1970 et

304 2014 357 2069 que
379 2000 493 2055 ntembri
517 2000 709 2067 ministerium,
737 2010 764 2056 et
785 2002 822 2056 ita
844 2000 916 2071 qrvod
937 2009 1017 2055 antea
1035 2000 1097 2070 quis
1147 2001 1333 2055 humanitatis.
1348 2002 1413 2068 viis
1431 2004 1503 2058 enim
1518 2019 1570 2057 uon
1584 2004 1675 2060 videat
1693 2005 1744 2061 lroc
1763 2006 1836 2076 quod
1857 2021 1941 2076 super

302 2090 424 2145 exhibuit
437 2091 519 2156 vitiis,
538 2092 653 2147 uunead
665 2093 780 2148 virtutes
797 2092 870 2147 etad
883 2107 966 2162 opera
979 2090 1095 2160 justitie
1143 2091 1254 2156 ‚turbam
1274 2093 1420 2148 miseretur
1443 2094 1584 2159 Dominus,
1605 2110 1639 2150 ne
1656 2096 1699 2151 vel
1721 2096 1811 2152 inedia
1828 2096 1872 2153 vel
1889 2098 1940 2154 riae

303 2191 398 2251 :aptare
409 2184 620 2239 contendat-illt
631 2192 721 2239 actutu
736 2200 817 2254 quem
831 2185 955 2239 exhibuit
968 2185 1002 2240 ad
1016 2184 1095 2239 adul·
1110 2162 1132 2222 Β
1146 2181 1276 2253 longioris
1300 2183 1407 2238 deiciat
1428 2184 1530 2250 labore,
1545 2184 1670 2241 allectum
1692 2202 1753 2243 esse
1769 2194 1798 2243 et
1813 2202 1940 2258 marpes-

304 2272 412 2336 tmiuvn,
434 2272 468 2327 ad
479 2272 631 2327 castitatem
647 2281 758 2328 uurveet
779 2273 1020 2329 sanctificationem
1033 2288 1093 2344 ont-
1147 2275 1251 2330 sionem
1272 2274 1396 2329 hirmanae
1421 2274 1594 2345 fragilitatisl
1607 2276 1683 2343 Quod
1703 2292 1769 2333 vero
1783 2278 1817 2333 ds
1831 2286 1938 2349 wlcan

304 2363 368 2417 uino
381 2370 530 2419 coruvertat.
556 2363 589 2418 Et
602 2363 639 2417 ita
656 2363 746 2417 ovnvria
759 2364 879 2418 membra
894 2377 955 2433 quae
968 2369 1031 2418 ante
1043 2361 1095 2417 ini·
1145 2365 1259 2434 panibus
1270 2371 1298 2418 et
1312 2364 1448 2435 pisciculis
1461 2366 1555 2434 paucis
1568 2376 1684 2436 quatuor
1698 2366 1781 2423 millia
1794 2368 1938 2425 bominum

305 2454 402 2524 quitati
422 2454 526 2509 servire
543 2454 740 2524 dependebant,
761 2454 820 2508 baec
832 2452 974 2508 conversio
993 2452 1021 2506 in
1039 2466 1095 2506 me·
1147 2455 1290 2520 saturavit,
1308 2455 1404 2510 divinae
1419 2471 1487 2525 opus
1501 2471 1562 2511 esse
1576 2457 1682 2513 virtutis
1698 2456 1871 2514 manifestum
1884 2465 1939 2516 cst.

304 2545 357 2601 lius
371 2545 509 2616 proposita
528 2545 561 2600 ad
582 2545 753 2600 serviendum
769 2542 882 2612 justitiae
903 2542 1095 2600 sanctificatio-
1119 2581 1123 2588 -
1147 2545 1258 2618 llystice
1272 2554 1363 2600 autern
1376 2546 1426 2601 lvoc
1437 2546 1567 2602 miraculo
1581 2546 1753 2619 designatur,
1770 2548 1844 2618 quod
1865 2548 1939 2606 vian

304 2637 386 2707 nique
396 2635 539 2706 dependat.
557 2634 707 2704 Sequitur:
1146 2637 1236 2692 seculi
1259 2632 1402 2707 pracscvvtis
1425 2635 1504 2691 aliter
1527 2637 1676 2694 incolumes
1700 2639 1817 2696 transire
1841 2639 1939 2710 nonm-

338 2726 406 2781 Caun
419 2727 487 2780 caint
496 2726 563 2781 aerei
573 2726 661 2780 essetis
673 2726 781 2795 peceati,
791 2723 866 2779 liberi
877 2724 963 2795 fuistis
969 2724 1092 2794 justitie.
1146 2744 1217 2793 nrus,
1245 2728 1296 2783 nisi
1320 2743 1369 2783 nos
1388 2729 1476 2799 gratia
1502 2729 1680 2798 redemptoris
1701 2730 1788 2785 nostri
1806 2730 1939 2790 atinent·

304 2816 361 2872 iloc
372 2825 425 2881 est,
440 2818 474 2872 ab
487 2816 560 2871 curui
578 2815 684 2886 justitia
699 2814 790 2879 alieni,
807 2815 868 2884 quia
890 2824 1000 2869 nonest
1017 2829 1095 2869 accc·
1146 2820 1186 2874 sui
1202 2818 1275 2873 verbi
1292 2819 1404 2873 reliciat.
1423 2817 1479 2873 lloe
1491 2833 1555 2873 vero
1576 2819 1662 2889 typice
1683 2820 1754 2875 iuter
1775 2818 1847 2875 banc
1867 2817 1939 2876 reic-

304 2918 379 2976 pturn
398 2908 454 2963 lieo
473 2906 553 2963 simul
570 2904 682 2975 institia
706 2913 870 2976 peccatoque
888 2905 1001 2961 servire.
1018 2904 1094 2961 Unde
1146 2908 1275 2974 ctionem,
1288 2916 1316 2963 et
1330 2907 1401 2963 illam
1411 2907 1530 2977 quinque
1539 2923 1638 2977 panum
1650 2923 1682 2963 ac
1693 2908 1806 2963 duorum
1821 2909 1937 2978 piscium

302 3001 442 3070 sequitur:
1151 3001 1236 3066 listat,
1256 3001 1328 3070 quod
1346 3000 1382 3055 ibi
1396 3000 1492 3055 litteris
1505 3001 1604 3056 veteris
1620 3000 1790 3058 instrumenti
1804 3001 1937 3069 rp'rltatis

341 3093 423 3159 Querar
435 3110 496 3165 erpo
511 3092 625 3161 [ructuat
638 3094 766 3149 induistis
781 3103 843 3148 tunc
857 3095 884 3149 iu
897 3093 949 3147 iilis
962 3093 1095 3164 inquibus
1146 3088 1232 3160 gratia
1247 3088 1326 3157 plena
1338 3102 1398 3142 csse
1412 3088 1515 3158 signata
1530 3096 1580 3153 est,
1595 3088 1638 3143 iric
1651 3097 1743 3144 autem
1758 3092 1821 3144 nori
1836 3090 1940 3147 veritas

305 3201 374 3239 arrtnc
395 3185 565 3240 erubescitis?
587 3184 616 3239 ln
638 3200 752 3253 quomm
774 3184 960 3240 recordatione
977 3182 1094 3237 maxima
1146 3197 1178 3236 ac
1192 3180 1278 3250 pratia
1291 3180 1443 3234 testamenti
1460 3179 1582 3234 fidelibus
1595 3178 1772 3235 ministranda
1785 3189 1938 3237 monstratu

303 3283 346 3330 cst
358 3275 520 3331 verecundia
540 3276 584 3331 ivis
602 3274 648 3343 qni
662 3275 778 3346 diligunt
798 3274 930 3345 justitiam
945 3281 972 3328 et
992 3272 1094 3327 verita·
1135 3281 1197 3329 test.
1214 3271 1286 3328 Sane
1298 3280 1412 3341 utraque
1424 3270 1535 3326 releetio
1549 3271 1575 3325 in
1588 3280 1679 3327 monte
1692 3270 1827 3327 celebrata
1841 3279 1896 3339 est,
1908 3281 1939 3328 at

304 3373 369 3417 tem.
385 3362 452 3430 Quia
466 3363 555 3418 onrr'ris
565 3362 611 3433 qui
627 3364 766 3434 cognoscit
781 3372 827 3417 aut
839 3362 926 3434 dtltqtt
945 3362 1095 3418 bonitatem
1146 3364 1260 3419 aliorum
1289 3361 1522 3434 Evangelistarum
1549 3361 1668 3417 enarratio
1698 3360 1840 3427 declarat,
1871 3362 1938 3433 quin

304 3453 330 3508 iu
348 3452 425 3508 nraiis
440 3453 544 3509 aetiiuts
557 3455 615 3509 suis
626 3453 773 3509 erubescit.
1147 3459 1288 3527 utriusque
1302 3456 1435 3527 scriptura
1455 3455 1625 3521 testamenti,
1638 3463 1712 3510 reete
1726 3452 1875 3520 intellecta,
1899 3453 1939 3512 ai·

339 3545 411 3599 Noun
424 3544 485 3614 finis
499 3544 605 3600 illorum
621 3560 691 3599 mors
705 3553 752 3599 est.
767 3543 862 3610 idest,
876 3544 1019 3601 retributio
1032 3542 1091 3598 ilio·
1106 3532 1128 3594 C
1146 3549 1259 3605 titudine
1282 3548 1361 3602 nouis
1384 3546 1536 3602 coetastium
1554 3554 1583 3602 et
1594 3553 1790 3616 praceptorum
1813 3544 1937 3612 manda,

303 3653 373 3701 rum,
389 3650 468 3706 pmua
479 3643 620 3707 perpetua.

338 3726 366 3780 Ν
369 3743 418 3781 nnc
429 3743 488 3780 uero
499 3725 626 3781 liberatio
638 3735 754 3797 peceato,
768 3742 834 3781 seren
852 3734 938 3780 nutem
953 3714 1017 3796 pacti
1025 3724 1089 3793 Deo,

301 3818 402 3872 iubetis
425 3815 540 3889 [ructum
565 3828 692 3875 eternam
717 3819 744 3872 ia
767 3818 989 3886 rorrctipicntioue,
1012 3817 1091 3887 prtem

302 3926 361 3964 nero
375 3910 452 3964 nitnur
466 3920 599 3964 eternum.
618 3909 771 3965 Notandum
787 3924 852 3965 vero
871 3916 987 3966 estesse
1006 3908 1090 3965 liber-

303 4007 386 4053 tatem
398 3999 557 4070 culpabilem
572 3999 689 4056 alienum
704 4014 764 4056 esse
785 3999 819 4055 ab
831 4000 959 4071 operibus
976 3998 1091 4069 justitiae

301 4100 329 4145 et
342 4090 501 4146 laudabilem
518 4092 674 4148 servitutem
689 4108 750 4149 esse
763 4091 875 4162 lustitia·
893 4093 919 4147 iu
938 4093 1092 4149 sanctilica·

303 4184 385 4238 tinere.
399 4182 527 4253 Quisquis
543 4191 634 4240 autern
653 4199 748 4240 servus
763 4184 814 4239 crit
828 4183 951 4255 justitian,
967 4183 1093 4240 liberast

301 4291 317 4330 a
332 4286 454 4346 peccato,
469 4284 497 4332 et
518 4291 612 4331 servus
626 4284 669 4331 est
682 4275 762 4331 sinrul
777 4276 915 4347 sapientie
928 4285 957 4331 et
969 4275 1090 4346 pietatis,

302 4366 438 4436 pudicitie
458 4373 487 4421 et
501 4365 649 4431 castitatis,
673 4374 701 4420 et
725 4366 847 4422 ornuium
869 4382 923 4421 una
943 4366 1090 4431 virtutum,

303 4472 418 4528 quorum
441 4455 513 4521 linis,
537 4456 564 4510 id
590 4463 632 4511 est
659 4457 812 4518 retributio,
837 4458 893 4513 vita
913 4468 1015 4515 aeterna
1037 4466 1092 4521 est,

305 4548 380 4604 iinde
402 4544 501 4602 iratres
518 4547 699 4618 nosmetipsos
712 4546 881 4604 incessanter
895 4548 1031 4604 discutere
1044 4549 1090 4605 de-

302 4641 398 4694 bemus
414 4654 461 4707 pev
475 4638 579 4710 singula
591 4652 652 4709 qnae
663 4638 797 4710 gessimus
809 4647 856 4693 aut
868 4638 1005 4711 gerimus,
1020 4648 1048 4695 et
1062 4639 1089 4698 in

303 4744 464 4799 unoquoque
478 4738 541 4786 actu
554 4729 726 4785 considerare
740 4729 783 4784 cui
797 4729 960 4796 serviamus,
977 4743 1010 4784 an
1027 4744 1089 4799 pcc·

302 4827 362 4873 cato
376 4819 409 4876 ad
430 4818 600 4890 iniquitatem
620 4826 647 4873 et
667 4818 700 4873 ad
714 4817 853 4872 interitum
878 4817 1087 4888 uobismetipsis,

1145 3648 1172 3694 et
1185 3637 1356 3708 praemiorum
1371 3644 1486 3705 utraque
1500 3634 1670 3690 altitudinem
1691 3633 1805 3699 Christi,
1824 3634 1873 3706 qui
1895 3641 1939 3692 cui

1145 3742 1234 3782 urous.
1255 3726 1352 3781 donnus
1372 3723 1478 3781 Domini
1495 3725 1523 3780 in
1542 3724 1642 3780 vertice
1656 3722 1799 3790 montium,
1817 3737 1936 3782 conso·

1145 3832 1211 3873 vvoee
1229 3816 1366 3885 predicat.
1381 3815 1432 3883 Qui
1443 3816 1516 3870 enim
1527 3814 1688 3871 edificatam
1701 3828 1782 3884 super
1799 3828 1830 3871 sc
1841 3813 1938 3871 cinta-

1145 3918 1200 3964 tem
1215 3907 1271 3962 sive
1282 3907 1390 3961 domum
1413 3906 1531 3970 Domini,
1554 3906 1581 3961 id
1594 3912 1649 3971 cst,
1662 3903 1812 3960 Ecclesiam
1830 3904 1859 3960 in
1881 3902 1937 3962 alte

1144 4000 1277 4057 bonorum
1299 3998 1405 4054 extollit
1429 4012 1558 4068 operum,
1584 4006 1612 4053 et
1633 3995 1740 4053 cunctis
1763 3995 1936 4053 manilestam

1144 4092 1269 4164 portubus
1286 4091 1410 4157 exbibet;
1434 4092 1493 4161 ipse
1513 4091 1583 4145 itanc
1605 4091 1641 4146 ab
1657 4088 1758 4146 inllmis
1777 4089 1937 4148 delectatio·

1146 4183 1225 4237 vribus
1239 4183 1403 4238 abstractam
1418 4198 1487 4252 pane
1500 4182 1562 4237 eceli
1580 4180 1686 4247 reiicit,
1710 4188 1793 4252 atque
1804 4182 1840 4238 ad
1854 4196 1938 4254 appo·

1145 4271 1223 4327 titum
1237 4285 1360 4340 supernae
1373 4269 1525 4334 suavitatis,
1541 4268 1604 4323 dato
1618 4269 1731 4341 pignore
1740 4268 1793 4323 cibi
1806 4268 1937 4340 spiritatis

1145 4360 1277 4416 accendit.
1294 4358 1421 4415 liisereor
1440 4375 1518 4429 super
1530 4358 1644 4424 turbam,
1663 4358 1725 4430 quin
1742 4375 1802 4414 ecce
1813 4360 1876 4431 jun
1888 4359 1937 4415 tri·

1145 4451 1197 4505 duo
1215 4449 1343 4505 sustinent
1353 4465 1405 4515 me,
1417 4466 1463 4504 nec
1472 4448 1567 4503 dnbeut
1580 4447 1650 4518 quod
1662 4448 1829 4504 nmnducent.
1844 4447 1937 4509 Turbo

1145 4551 1235 4597 autem
1250 4540 1338 4597 triduo
1349 4540 1492 4596 Dominum
1506 4547 1616 4611 propter
1630 4540 1800 4597 sanationem
1812 4540 1938 4601 intimo·

1144 4649 1204 4690 runt
1218 4649 1327 4689 suorum
1343 4633 1467 4698 sustinet,
1484 4647 1545 4687 cum
1558 4632 1637 4688 electi
1650 4633 1751 4704 quique
1765 4633 1818 4691 lide
1833 4645 1938 4694 macta

1145 4724 1284 4780 Trinitatis
1298 4725 1390 4791 lucidi,
1413 4724 1526 4780 Domino
1545 4739 1595 4795 pro
1615 4724 1672 4779 suis
1692 4741 1937 4800 suommqnepcc-

1143 4816 1213 4872 catis
1236 4816 1332 4871 animae
1356 4815 1480 4872 videlieet
1506 4817 1680 4890 languoribus
1695 4823 1881 4889 perseveranti
1897 4822 1938 4880 in-

302 4908 354 4964 nisi
366 4924 426 4964 eam
436 4909 517 4965 eitius
529 4910 695 4974 descramus,
717 4923 750 4963 an
764 4908 876 4982 justitie
892 4909 919 4963 in
935 4924 992 4963 san.
1003 4909 1088 4964 tilica·
1102 4893 1129 4953 Ῑ)
1141 4905 1241 4962 stantia
1265 4905 1433 4976 supplicant;
1447 4907 1511 4963 item
1526 4909 1604 4963 turba
1620 4909 1709 4964 triduo
1722 4907 1869 4967 bominum
1891 4926 1939 4968 so·

304 4998 403 5052 tionem
423 4997 457 5052 ad
475 4999 654 5067 promerenda
674 4998 752 5053 uobis
772 5007 880 5055 aeoernae
903 4998 964 5053 vitoe
982 4997 1089 5069 qavtdia.

303 5090 359 5145 Nisi
381 5090 453 5145 enim
475 5090 551 5160 prius
573 5106 620 5161 per
643 5091 830 5162 poeniteutiam
857 5100 968 5163 peceato
989 5091 1090 5146 inovia-

303 5195 373 5245 mur,
388 5193 442 5234 non
457 5193 601 5249 possumus
614 5195 662 5250 per
674 5177 808 5248 justitiam
820 5180 912 5235 vivere
927 5181 993 5236 lieo.

337 5268 473 5342 Stipendia
486 5270 556 5326 enirn
571 5273 668 5342 peceati
687 5288 767 5326 mora.
783 5271 928 5328 Peccatum
947 5272 1019 5327 enim
1038 5270 1089 5327 nisi

302 5378 351 5434 per
368 5360 565 5418 covrlessionem
585 5371 613 5418 et
635 5364 821 5433 paenitentiam
841 5372 922 5433 atque
939 5364 1086 5435 eleemosy-

302 5469 397 5509 narum
416 5452 567 5523 largitatem
588 5453 754 5521 destruatur,
776 5455 875 5524 accipit
895 5455 1090 5512 remuneratio-

302 5558 363 5598 nem
379 5556 487 5612 poenam
500 5551 638 5598 murnum.

337 5630 428 5686 Gentio
441 5641 527 5687 nutem
540 5631 588 5686 Dei
605 5634 657 5687 uite
671 5644 768 5690 eterne
787 5636 814 5690 iu
828 5633 931 5691 Christo
947 5635 1011 5692 Jesu
1031 5635 1086 5691 iio·

301 5721 373 5776 nrirro
391 5729 490 5775 nostro.
509 5719 581 5778 Beue
603 5722 676 5777 enim
698 5723 818 5779 additum
838 5735 898 5792 est,
919 5728 972 5781 ritn
990 5735 1088 5782 trierim

301 5807 608 5884 tricennalemque
626 5811 676 5878 illi,
694 5812 741 5884 qui
755 5825 899 5888 resurgunt
914 5817 940 5872 in
955 5816 1088 5874 conlusio·

302 5917 363 5956 uem
373 5910 400 5957 et
411 5900 585 5973 opprobrium
598 5903 802 5974 sempiternum,
815 5906 915 5962 habent
928 5907 1037 5978 quidem
1051 5907 1092 5963 vi-

302 5998 358 6044 tam
378 5998 520 6057 cernam,
544 5989 634 6047 sedin
658 5990 815 6049 contusione
828 6001 947 6068 etpoeua
969 6005 1088 6064 aeterna;

299 6075 440 6148 iustlmm
453 6079 500 6155 qui
521 6093 675 6155 resurqrrnr,
695 6081 729 6138 ad
742 6083 840 6156 pamla
856 6085 1020 6157 sempiterna
1036 6092 1087 6152 lm·

1142 4996 1234 5058 stinet,
1248 4996 1354 5064 qnando
1369 4994 1513 5050 multitudo
1531 4994 1649 5050 fidelium
1662 5004 1782 5067 peccata,
1799 5012 1862 5069 qnae
1875 5012 1939 5070 per·

1142 5085 1258 5155 petravit
1272 5100 1320 5155 per
1333 5085 1518 5153 poetvitentiam
1534 5085 1673 5141 declinans
1687 5087 1720 5142 ad
1737 5085 1895 5153 bominum,
1907 5103 1940 5148 tc

1142 5177 1276 5247 inopere,
1302 5177 1329 5231 iu
1348 5176 1575 5248 locutionemque
1590 5176 1617 5231 in
1639 5177 1801 5248 cogitatione
1818 5192 1940 5235 conr*

1141 5269 1184 5324 tit.
1203 5269 1235 5323 Et
1257 5270 1280 5323 si
1294 5268 1418 5323 dimisero
1432 5267 1588 5338 eorjrjnaos
1601 5270 1629 5322 iu
1642 5268 1749 5322 dentum
1767 5284 1846 5323 sunm
1867 5267 1938 5339 defi·

1141 5362 1207 5414 cient
1221 5360 1247 5414 in
1264 5360 1317 5415 rio.
1340 5360 1480 5414 Dimittcrc
1491 5357 1598 5427 jejtmos
1612 5358 1639 5413 iu
1653 5359 1761 5414 domum
1783 5374 1864 5415 stratu
1884 5357 1941 5418 bo·

1141 5452 1232 5507 miuus
1252 5465 1305 5506 raon
1333 5450 1391 5506 vuit
1413 5467 1446 5507 ne
1465 5451 1592 5507 deficiant
1610 5451 1637 5506 in
1650 5452 1704 5505 via.
1721 5451 1789 5520 Quia
1807 5452 1941 5513 uidelicet

1142 5541 1263 5596 conversi
1284 5550 1441 5611 peccatores
1454 5541 1480 5595 in
1503 5541 1644 5610 presentis
1657 5541 1719 5597 vite
1735 5542 1777 5595 via
1793 5540 1938 5612 deliciunt,

1140 5633 1204 5690 siin
1226 5648 1273 5687 sua
1298 5633 1463 5690 conscientia
1484 5632 1544 5688 siue
1567 5633 1697 5689 doctrinar
1720 5641 1813 5688 sancto
1834 5633 1939 5706 pabulo

1141 5724 1321 5778 dimittantur.
1338 5721 1377 5777 Ne
1391 5738 1456 5794 ergo
1476 5723 1613 5780 lassentur
1633 5723 1714 5794 nvvjns
1737 5723 1940 5796 peregrinatio·

1141 5812 1183 5867 nis
1198 5813 1303 5879 itinere,
1319 5812 1446 5883 pascendi
1462 5821 1524 5868 sunt
1538 5828 1615 5868 sacra
1632 5813 1824 5870 admonitione.

1177 5903 1291 5971 Quidam
1315 5906 1384 5960 eninr
1395 5921 1427 5959 es
1439 5905 1475 5960 eir
1488 5904 1520 5960 de
1540 5903 1615 5976 ionqe
1630 5914 1761 5960 mmmm.
1777 5903 1827 5961 Est
1842 5911 1938 5964 aulem

1140 5999 1187 6071 qui
1202 5997 1240 6054 nii
1260 5997 1362 6054 lmudis
1379 6005 1407 6054 et
1421 5997 1487 6052 nibil
1501 5996 1619 6053 earnalis
1631 5996 1813 6068 corruptionis
1833 6012 1939 6072 exper-

1142 6096 1196 6158 tus,
1208 6087 1241 6144 ad
1252 6086 1444 6159 omnipotentis
1457 6085 1505 6144 bet
1517 6085 1657 6144 servitium
1672 6083 1821 6143 latiuavit.
1833 6084 1889 6145 bis
1899 6085 1939 6148 ὼ
