4500 6842
301 716 369 771 tull
761 708 935 767 conditui.
955 706 990 763 ΙΝ
1010 704 1236 763 assentaturi.
1254 736 1289 748 ·-
1306 702 1370 761 tut.
1390 704 1461 759 XlX.
1848 704 1931 761 lota·

303 842 314 878 ι
335 825 434 882 eadum
448 829 530 892 portae
552 820 623 875 illius
634 820 661 875 in
677 820 796 877 sabbatis
818 829 847 877 ει
858 793 885 875 in
900 818 1025 874 Kalendis
1035 831 1081 873 co-
1094 820 1120 880 Α
1134 824 1178 871 tur
1189 815 1324 883 sacrificii,
1335 816 1361 871 id
1375 825 1417 873 εει
1429 815 1523 872 similae
1533 814 1616 870 ethin
1627 812 1689 877 olei.
1704 813 1741 868 ita
1751 811 1879 869 oiieratur
1890 824 1919 872 et

304 933 315 967 ι
334 929 391 968 ram
405 908 529 966 homino.
547 908 736 965 Holocaustnm
748 917 837 963 autem
850 909 901 963 boc
910 906 1004 963 oileret
1016 906 1088 976 prin·
1138 907 1166 962 in
1178 907 1271 961 vitulo.
1285 906 1348 961 ιιιεε
1362 904 1561 976 perspicuitatis
1577 919 1658 959 eausa
1672 904 1727 959 siut
1739 904 1835 973 posita,
1848 918 1919 959 nunc

304 1020 315 1056 r
334 1000 518 1071 repsDomino
530 997 608 1053 indie
621 998 735 1063 sabbati,
746 1013 793 1052 εει
806 1012 889 1067 agnos
902 995 1088 1051 immaculatos
1138 997 1286 1069 spiritalem
1300 1012 1408 1051 sensum
1421 995 1533 1051 llomino
1547 995 1664 1050 donante
1678 1007 1840 1049 reseremus.
1864 990 1920 1048 Ser

304 1106 316 1141 r
335 1097 364 1145 et
376 1089 488 1143 arietem
510 1085 722 1153 immaculatum,
744 1093 773 1140 ει
791 1085 952 1141 saeriiieium
965 1085 1028 1156 ephi
1040 1100 1089 1155 per
1138 1088 1243 1150 diebus,
1261 1086 1358 1155 quibus
1371 1099 1515 1154 operamur
1528 1085 1555 1139 in
1567 1083 1677 1147 mundo,
1694 1090 1773 1152 porta
1784 1081 1922 1137 orientalis

306 1195 316 1229 ι
338 1177 462 1232 ειιειειι.
487 1176 524 1230 lle
538 1176 615 1246 agnis
629 1191 693 1232 vcro
706 1176 879 1232 sacrificium.
900 1176 974 1245 quod
986 1174 1088 1231 dederit
1139 1177 1202 1232 atrii
1223 1176 1360 1229 interioris
1380 1173 1469 1229 clausa
1491 1173 1569 1228 nobis
1590 1180 1642 1228 εει.
1667 1171 1812 1241 Postquam
1831 1180 1921 1227 autem

306 1288 316 1321 ι
337 1283 434 1322 manus
458 1265 526 1335 ejus,
539 1274 566 1322 et
589 1266 642 1322 olei
660 1267 706 1321 hin
730 1281 778 1337 per
791 1266 895 1336 singula
909 1265 981 1334 εριιι.
1002 1265 1031 1320 ln
1045 1264 1089 1320 die
1138 1264 1292 1320 venerimus
1306 1250 1340 1317 a‘d
1354 1262 1424 1317 diam
1436 1262 1595 1332 septimum,
1617 1260 1644 1316 id
1664 1268 1707 1315 εει
1727 1259 1761 1314 ad
1775 1259 1847 1314 diem
1860 1257 1922 1314 aab·

307 1376 315 1408 ι
339 1364 428 1411 autern
441 1356 622 1411 Kalendarum
645 1356 758 1411 vitulum
773 1356 806 1412 de
821 1363 946 1411 armento
960 1356 1090 1410 immacu·
1139 1355 1205 1417 bati,
1220 1354 1247 1409 in
1259 1368 1313 1423 quo
1324 1359 1424 1407 aeterna
1439 1351 1546 1421 requies
1557 1359 1607 1416 est,
1621 1351 1679 1406 sire
1692 1350 1727 1404 ad
1739 1349 1810 1405 diem
1823 1348 1923 1405 Kalen-

307 1464 316 1497 ι
339 1444 474 1510 intumet
490 1458 537 1500 εει
553 1445 764 1516 agnietarietes
784 1444 948 1500 immaculati
961 1448 1091 1510 erunt,'et
1140 1445 1252 1509 darum,
1275 1442 1382 1513 quando
1403 1431 1465 1512 post
1485 1456 1585 1497 caecam
1606 1450 1715 1496 noctem
1731 1448 1760 1495 et
1779 1439 1928 1496 horribiles

307 1552 316 1584 ι
337 1533 399 1603 ephi
418 1548 466 1603 ρει
479 1533 602 1598 vitulum,
618 1533 680 1603 ephi
694 1548 800 1603 quoque
821 1548 869 1604 per
882 1533 994 1589 arietem
1009 1530 1091 1588 iaciat
1141 1539 1267 1595 tenebras
1287 1536 1356 1592 lucis
1378 1536 1518 1592 exordium
1540 1543 1596 1600 est,
1619 1536 1740 1605 aperitur
1753 1532 1831 1589 nobis
1843 1540 1922 1603 porta

307 1641 316 1673 ι
338 1621 509 1677 sacrificium.
524 1622 552 1675 ln
568 1623 644 1693 agnis
656 1633 747 1678 autem
762 1624 832 1678 sicut
845 1623 982 1678 inuenerit
995 1638 1091 1678 manus
1140 1627 1302 1695 orientalis,
1313 1636 1341 1684 et
1362 1626 1385 1683 si
1404 1627 1464 1696 quis
1481 1633 1601 1680 nostrum
1618 1622 1776 1694 permerito
1793 1621 1926 1676 virtutum
2010 1626 2014 1634 '

307 1731 317 1763 ι
338 1720 366 1765 ει
385 1711 437 1766 olei
451 1711 499 1765 bin
524 1726 572 1781 per
595 1711 699 1784 singula
723 1713 794 1782 epiri.
814 1731 824 1763 ι
852 1711 1013 1783 Priusquam
1026 1712 1091 1783 quid

305 1803 356 1857 ista
369 1801 519 1870 significent
530 1801 703 1869 disseramus,
727 1804 783 1875 ipsa
799 1798 944 1879 Scripturas
955 1824 1092 1880 παραρρα-

305 1900 397 1951 arisbe
410 1891 491 1946 verba
509 1893 650 1961 pandenda
668 1903 740 1948 sunt.
759 1912 769 1945 r
785 1894 879 1960 Porta,
905 1894 1002 1965 inquit,
1029 1893 1091 1949 atrii

305 1979 442 2035 interioris
466 1996 511 2035 εει
538 1982 657 2037 diebus»
690 1982 735 2055 (de
759 1985 856 2053 quibus
883 1986 1012 2055 scriptum
1038 1992 1091 2051 εει,

308 2090 318 2122 ι
334 2069 387 2123 Ser
401 2070 495 2126 diebus
505 2073 672 2141 operaberis,
690 2084 721 2129 ει·
731 2073 813 2131 ιεειεε
826 2076 918 2132 omnia
938 2074 1090 2148 operatua)

1142 1721 1217 1777 ducis
1237 1734 1335 1774 nomen
1358 1726 1386 1772 ει
1407 1716 1565 1786 dignitatem
1579 1714 1661 1770 luerit
1678 1720 1854 1772 consecutus.
1876 1725 1926 1781 per

1142 1810 1213 1864 riam
1234 1808 1359 1864 vestibuli
1383 1814 1467 1877 portae
1490 1804 1602 1868 deforis,
1624 1805 1677 1859 hoc
1698 1812 1741 1859 εει
1763 1816 1814 1873 ρει
1832 1802 1923 1856 mundi

1142 1898 1221 1969 banjos
1241 1899 1395 1963 labores,et
1413 1905 1519 1967 portam
1538 1894 1680 1960 Ecclesiae,
1704 1909 1764 1964 quae
1785 1894 1874 1950 adbuc
1897 1893 1923 1947 in
1951 1913 1958 1925 ·

1142 1990 1258 2045 terrenis
1271 1988 1369 2044 tinibus
1380 1988 1467 2058 posita
1480 1993 1531 2049 εει,
1544 1984 1727 2056 ingredietur:
1741 1998 1794 2039 non
1811 1982 1925 2037 interius

1143 2083 1252 2147 atrium,
1266 2083 1317 2136 boe
1329 2080 1401 2136 enim
1416 2079 1582 2150 inpraesenti
1598 2078 1656 2134 loeo
1669 2077 1807 2142 scribitur,
1827 2075 1874 2130 sed
1891 2074 1925 2129 ad

306 2162 359 2215 crit
373 2161 481 2227 clausa;
502 2182 511 2214 ι
528 2178 578 2219 nec
591 2164 717 2235 quaelibet
738 2176 825 2236 porta,
847 2168 894 2223 sed
912 2187 922 2222 r
938 2184 997 2240 quae
1011 2170 1091 2240 respi·
1104 2149 1130 2209 Β
1142 2174 1223 2229 limen
1236 2181 1321 2243 portae
1335 2170 1481 2233 interioris,
1502 2177 1530 2224 et
1549 2167 1632 2223 stabit
1652 2168 1680 2222 in
1698 2182 1741 2222 ca.
1769 2164 1817 2220 Sin
1834 2173 1925 2220 autem

284 2328 288 2335 Ι
307 2249 345 2303 eit
364 2249 553 2316 adorientem,
570 2271 580 2303 ι
609 2253 679 2309 unde
697 2255 784 2310 oritur
807 2256 847 2312 sol
859 2253 982 2324 justitia.
1006 2258 1091 2315 Porro
1141 2264 1266 2334 prinecps
1279 2262 1305 2317 in
1319 2259 1445 2331 presenti
1458 2259 1589 2328 scriptura
1603 2273 1657 2313 non
1668 2256 1818 2327 ingreditur
1827 2255 1926 2310 atrium

307 2338 350 2393 die
363 2341 478 2406 sabbati,
492 2341 519 2395 id
532 2352 584 2409 est,
602 2344 726 2413 septimo,
742 2346 832 2416 inquo
846 2349 954 2418 requies
966 2358 1018 2414 est,
1029 2366 1092 2421 ape-
1143 2353 1266 2417 interius,
1290 2351 1338 2406 sed
1356 2358 1410 2405 stat
1424 2350 1451 2403 in
1465 2348 1559 2403 limine
1576 2348 1645 2419 eius,
1670 2345 1734 2401 nulli
1755 2344 1864 2422 dubium
1885 2350 1929 2399 εει

308 2428 393 2481 rietur
408 2443 457 2497 per
470 2430 589 2502 singulas
602 2432 795 2501 hebdomadas,
818 2443 846 2490 ct
857 2453 966 2493 rursum
977 2441 1093 2511 comple·
1144 2457 1216 2499 nunc
1228 2457 1262 2498 ει
1273 2448 1351 2512 parte
1362 2455 1412 2495 nos
1423 2439 1527 2505 ridere,
1539 2448 1567 2493 ει
1578 2452 1611 2493 ει
1624 2445 1702 2507 ριιιε
1714 2448 1887 2507 cognoscere,
1900 2443 1929 2490 et

309 2518 344 2572 tis
362 2518 455 2573 diebus
471 2520 596 2590 triginta,
623 2523 729 2592 quaudo
743 2524 852 2581 alterius
865 2528 966 2584 mensis
982 2530 1043 2585 sinis
1067 2541 1095 2587 et
1145 2534 1259 2590 necdum
1277 2528 1473 2586 revelata‘iacie
1486 2529 1598 2599 gloriam
1616 2527 1720 2583 Domini
1739 2524 1927 2594 contemplari.

308 2608 420 2665 alterius
433 2613 574 2668 exordium
597 2623 648 2678 εει,
675 2615 702 2670 ιιι
713 2627 765 2681 εει,
780 2620 932 2685 neomenia,
947 2621 990 2677 die
1001 2623 1095 2679 rideli-
1145 2624 1265 2692 [lenique
1278 2629 1366 2678 stante
1380 2620 1502 2690 principe
1523 2620 1551 2674 in
1573 2618 1665 2673 limine
1678 2624 1763 2687 portae
1776 2616 1839 2671 atrii
1858 2615 1928 2669 intc-

309 2707 353 2752 εει
364 2697 553 2765 Kalendamm,
568 2703 719 2771 aperietur:
736 2712 765 2758 ιιι
778 2705 848 2775 quod
860 2707 1030 2780 privilegium
1044 2711 1095 2766 ha·
1146 2716 1237 2779 rioris,
1247 2712 1338 2767 ceteri
1349 2710 1513 2775 sacerdotes,
1523 2709 1621 2779 quibus
1634 2709 1686 2769 hoc
1696 2705 1812 2761 officium
1824 2702 1930 2773 delega-

310 2788 356 2843 bet
371 2792 499 2860 septimus
514 2793 570 2847 dics
588 2793 614 2847 ia
637 2795 812 2863 hebdomade,
829 2799 881 2854 hoc
901 2800 999 2855 habeat
1010 2802 1095 2871 priri-
1146 2815 1202 2862 tum
1215 2813 1255 2859 est
1258 2818 1340 2873 ,quos
1350 2816 1493 2872 possumus
1504 2798 1652 2869 intelligere
1663 2793 1927 2867 virtutesangclieas,

309 2877 409 2950 legium
428 2897 529 2936 mensis
541 2884 689 2938 exordium
714 2885 769 2941 Cur
788 2896 878 2944 autera
893 2891 1031 2960 aperiatur
1053 2894 1096 2950 die
1146 2892 1378 2964 iacientproipso
1393 2887 1754 2959 holocaustumetpaciirca.
1775 2886 1930 2960 indigemus

311 2971 435 3052 septimo,
463 2982 492 3027 ct
513 2973 555 3028 dic
570 2974 749 3031 Kalendarum
771 2986 848 3049 porta
868 2981 1004 3039 interioris
1021 2985 1095 3051 atrii,
1146 2986 1218 3041 enim
1234 2983 1417 3039 misericordia
1430 2982 1493 3047 liei,
1514 2989 1542 3036 et
1562 2980 1650 3037 omnis
1670 2985 1794 3035 creatura
1807 2976 1842 3031 ad
1855 2989 1929 3030 com-

310 3075 372 3133 quac
394 3064 503 3133 respicit
517 3064 550 3118 ad
565 3067 706 3132 orientem,
723 3084 837 3139 sequens
858 3087 947 3129 semro
960 3086 1095 3132 monstra·
1146 3076 1313 3147 parationem
1336 3072 1466 3130 creatoris
1488 3071 1624 3126 immunda
1645 3079 1688 3125 εει
1707 3076 1735 3124 ει
1754 3064 1874 3121 divino
1866 3078 1929 3137 agne

311 3152 362 3206 bit.
390 3154 579 3215 ‹Etintrabit
607 3155 705 3224 inquit,
730 3160 1097 3234 princepspcrriamportm
1146 3165 1299 3237 purganda,
1322 3178 1376 3234 quo
1396 3170 1424 3217 ει
1441 3161 1517 3217 lsarae
1531 3160 1600 3233 (lea
1615 3159 1652 3230 ιι)
1667 3157 1804 3229 prophetae
1816 3160 1930 3224 purgata

313 3242 422 3308 doloris,
438 3244 500 3298 atrii
512 3245 636 3300 uidelicet
649 3249 802 3316 exterioris,
827 3261 855 3306 ει
868 3255 950 3308 stabit
964 3256 992 3310 in
1005 3257 1097 3315 limine
1147 3265 1210 3311 sunt
1223 3254 1310 3319 labia,
1330 3262 1361 3308 ut
1376 3260 1517 3323 postquam
1536 3266 1585 3320 per
1598 3248 1762 3305 sacrificium
1777 3260 1871 3316 pacem
1887 3258 1930 3299 rc·

313 3342 407 3402 portae,
424 3354 432 3384 ι
468 3335 605 3390 interioris
621 3336 693 3400 atrii,
709 3354 768 3408 quoa
781 3340 892 3412 respicit
906 3343 940 3399 ad
953 3346 1095 3403 orientem.
1147 3347 1264 3417 ceperit,
1284 3353 1348 3400 tunc
1366 3344 1392 3398 in
1410 3344 1503 3399 limine
1517 3342 1689 3406 constitutus,
1704 3339 1796 3395 adoret
1810 3337 1931 3406 omnipo

313 3422 369 3477 llcc
382 3423 544 3494 ingredietur
561 3426 658 3480 atrium
673 3428 796 3496 interius,
814 3432 862 3486 sed
880 3429 925 3489 illo
940 3444 1029 3493 stante
1050 3438 1095 3494 alii
1149 3435 1336 3499 montaniaci,
1355 3442 1383 3489 et
1401 3448 1431 3489 se
1447 3432 1509 3489 atrii
1527 3431 1663 3487 interioris
1681 3431 1802 3501 ingressu
1815 3427 1931 3482 fateatur

313 3515 468 3569 sacerdotes
483 3512 614 3571 iacient
598 3534 647 3588 pro
660 3520 718 3590 ipso
732 3519 943 3594 holocaustum,
952 3542 1031 3598 quam
1046 3531 1095 3586 ob·
1109 3491 1287 3598 Cindignum
1306 3534 1334 3580 et
1352 3525 1443 3579 statim
1462 3523 1637 3593 ingrediatur.
1663 3521 1807 3591 Postquam
1822 3527 1929 3583 autem,

314 3603 462 3660 lationem
456 3616 646 3677 interpretatus
659 3618 702 3665 εει
716 3608 903 3683 Symmachus,
921 3625 950 3670 et
973 3619 1096 3687 pacifica,
1148 3619 1192 3688 qui
1207 3617 1310 3686 primus
1323 3625 1367 3670 εει
1379 3615 1460 3669 luerit
1474 3629 1608 3708 egressus,
1624 3629 1676 3668 non
1690 3614 1830 3668 claudetur
1845 3625 1930 3681 usque

314 3696 371 3751 sire
384 3712 444 3766 quae
456 3698 489 3752 ad
503 3698 614 3753 salutem
629 3701 775 3769 pertinent,
791 3711 821 3757 ut
843 3715 985 3774 postquam
1010 3709 1098 3765 hostia
1135 3704 1183 3762 ad
1195 3721 1336 3776 vesperam
1351 3703 1430 3774 hujus
1443 3702 1555 3759 saccali
1549 3718 1606 3772 ipsa
1617 3708 1694 3770 porta
1708 3700 1844 3756 interioris
1858 3700 1930 3765 atrii,

314 3786 443 3856 principis
456 3803 533 3842 sacro
553 3790 614 3860 igne
635 3789 716 3846 luerit
737 3804 920 3861 concremata,
938 3805 966 3851 ει
988 3798 1041 3853 dux
1056 3814 1099 3856 re-
1149 3798 1196 3852 sed
1217 3805 1310 3865 aperta
1329 3795 1400 3859 erit,
1424 3802 1455 3848 ut
1477 3792 1590 3862 populus
1610 3806 1716 3860 quoque
1737 3798 1814 3845 terrm
1838 3790 1873 3843 sit
1897 3790 1931 3843 ad

315 3878 472 3935 eoriciliatus
495 3879 561 3945 Deo,
588 3890 651 3937 tune
676 3882 790 3938 adorare
814 3885 898 3955 possit
916 3901 996 3957 super
1017 3875 1124 3945 limen
1149 3886 1266 3950 ostium,
1288 3895 1316 3939 et
1332 3884 1425 3940 adoret
1437 3883 1471 3939 ad
1484 3897 1546 3937 eum
1563 3896 1750 3951 :nequaquam
1777 3880 1849 3936 omni
1864 3889 1932 3936 tem·

315 3981 399 4043 portae
414 3972 548 4027 interioris
561 3974 749 4045 aeriamque
762 3978 869 4031 steterit
883 3986 911 4034 et
934 3980 1097 4051 egrediatur.
1149 3990 1230 4046 porc,
1243 3975 1290 4031 scd
1309 3975 1416 4045 quando
1431 3973 1594 4045 requieverit
1607 3988 1621 4027 a
1636 3971 1766 4042 peccatis,
1782 3978 1819 4036 ει,
1833 3967 1934 4037 iugatis
2000 3962 2006 3974 '

316 4061 386 4130 Quid
399 4062 496 4133 igitar?
509 4071 568 4132 post
583 4062 764 4133 egressionem
776 4065 906 4137 principis
919 4067 1011 4125 statim
1021 4081 1099 4141 porta
1151 4065 1279 4131 tenebris,
1295 4064 1357 4120 iidei
1370 4073 1397 4119 ct
1410 4063 1529 4119 scientiae
1543 4062 1632 4117 lumen
1645 4061 1789 4132 acceperit.
1815 4059 1871 4115 lloe
1885 4075 1933 4114 au-

316 4153 473 4209 clametur!
511 4152 708 4222 Nequaquam,
746 4156 793 4210 sod
824 4167 917 4228 aperta
942 4160 994 4215 erit
1016 4177 1100 4230 usque
1151 4168 1204 4213 tem
1219 4157 1305 4228 ipsum
1321 4156 1526 4219 holocaustum,
1550 4154 1621 4224 quod
1643 4152 1722 4208 ειιειι
1744 4152 1869 4221 princeps
1885 4166 1934 4221 per

317 4244 352 4298 ad
378 4258 537 4312 vesperam,
562 4249 591 4297 ut
615 4252 676 4312 post
698 4241 847 4314 principem
872 4246 961 4302 omnis
987 4249 1100 4319 populus·
1151 4246 1304 4303 sacerdotes
1323 4245 1350 4299 in
1368 4245 1411 4298 die
1432 4244 1547 4307 sabbati,
1558 4258 1606 4297 εει
1628 4257 1758 4314 agnorum
1776 4242 1934 4298 immacula-

318 4343 397 4391 terrm
422 4337 515 4390 adoret
543 4345 634 4391 contra
664 4337 762 4392 ostium
786 4345 871 4408 portae
894 4337 983 4395 illius:
1007 4340 1101 4397 adoret
1150 4347 1239 4395 torum
1252 4352 1364 4391 numero
1377 4336 1555 4391 terminatur:
1570 4350 1619 4406 pro
1632 4348 1679 4390 sex
1692 4333 1816 4390 videlieet
1828 4333 1934 4400 diebus,

317 4422 444 4475 amemin
477 4421 596 4476 sabbatis
621 4428 649 4475 ει
681 4421 708 4475 in
729 4419 875 4488 Kalendis,
900 4423 1006 4493 qnando
1038 4441 1102 4498 apo-
1151 4429 1178 4484 in
1199 4428 1460 4498 quibusopcramur
1479 4425 1509 4484 in
1530 4426 1649 4480 mundo:
1668 4424 1822 4481 etarietem
1839 4424 1934 4478 imma·

318 4512 388 4567 ritur
414 4522 500 4583 porta.
527 4511 561 4566 Kt
575 4512 638 4581 qnia
664 4502 749 4582 snpra¹
771 4511 876 4569 dixerat
891 4531 898 4567 :
917 4512 1026 4581 Facient
1058 4531 1102 4572 sa-
1152 4516 1280 4580 culatum,
1292 4514 1337 4583 qui
1352 4513 1477 4585 princeps
1490 4515 1579 4586 gregis
1592 4523 1643 4579 est,
1658 4514 1696 4567 ita
1710 4522 1739 4567 ut
1753 4513 1935 4583 persingulas

318 4602 443 4662 eerdotes
473 4601 659 4657 holocaustum
682 4598 740 4669 eius
758 4608 785 4655 et
815 4600 926 4672 pacillea
955 4602 1024 4673 ejus,
1051 4620 1102 4661 noc
1152 4607 1250 4660 arictes
1261 4603 1424 4660 olieraturin
1438 4604 1570 4659 sacrificio
1581 4603 1688 4672 cpbi,irl
1699 4603 1861 4668 ost,deeima
1872 4618 1935 4672 pars

319 4688 519 4759 sigalicarerat
563 4689 783 4745 holocaustorum
824 4707 989 4760 numerum,
1030 4709 1103 4751 nuuc
1151 4694 1263 4752 corbin
1277 4710 1405 4765 agnorum
1416 4704 1505 4749 autem
1518 4709 1565 4748 εει
1578 4691 1709 4748 sacrificio
1721 4701 1794 4747 certa
1809 4707 1934 4747 prensare

318 4777 400 4831 inlert
430 4780 645 4834 «holocaustum
678 4779 730 4834 ιιοε
761 4778 855 4835 offeret
891 4780 1017 4852 princeps
1050 4783 1100 4837 llo-
1153 4799 1205 4837 non
1225 4783 1428 4854 ponitur,rsed
1450 4791 1692 4850 quantumcumque
1713 4780 1818 4835 dederit
1839 4796 1936 4835 manus

320 4867 393 4920 mino
408 4867 434 4920 in
449 4868 491 4922 die
504 4868 637 4923 sabbati.»
655 4866 755 4922 Οιιειει
769 4876 924 4924 autemnon
938 4884 986 4940 per
1000 4886 1039 4937 sa,
1053 4873 1100 4927 sed
1154 4876 1221 4947 ojus,
1238 4897 1247 4930 ι
1265 4877 1309 4945 qrri
1325 4874 1414 4939 oiicrt,
1432 4874 1484 4929 hoc
1497 4882 1548 4936 εει,
1563 4886 1611 4942 pro
1626 4886 1737 4942 operum
1751 4871 1881 4942 qualitate
1894 4880 1935 4924 at-

318 4971 371 5027 per
385 4958 546 5021 sacerdotes
559 4956 701 5027 dequibus
716 4958 844 5027 scriptum
858 4967 916 5013 est:
932 4977 941 5009 ι
956 4959 990 5013 Ει
1004 4959 1104 5017 saucient
1155 4981 1208 5034 que
1218 4979 1357 5019 incasura:
1370 4961 1421 5017 olei
1432 4972 1522 5016 aalma
1532 4960 1578 5015 bin
1589 4958 1682 5014 olicret
1692 4974 1740 5030 per
1750 4960 1853 5030 singula
1863 4960 1936 5030 ephi,

320 5046 475 5101 sacerdotes
489 5043 672 5102 lrolo'caustum
687 5047 745 5117 ejus
763 5056 790 5101 et
807 5047 921 5116 pacifica
938 5046 1005 5117 ejus.
1032 5047 1099 5114 Sex,

321 5134 509 5206 inquit,agnos
521 5136 705 5191 immaculatos
716 5145 743 5191 ει
754 5137 865 5192 arielem
875 5137 1100 5207 inmaculatum»

321 5225 359 5278 ita
374 5230 403 5276 nt
418 5225 578 5280 sacriticium
596 5226 688 5281 arietis
705 5241 829 5281 mensura
845 5227 905 5298 ephi
922 5228 968 5294 sit,
978 5245 1037 5298 quae
1056 5231 1104 5286 hc-

320 5314 412 5367 braioe
426 5315 572 5384 appellator
584 5318 659 5384 εριια.
676 5316 730 5371 Sex
745 5327 832 5373 autem
846 5318 922 5388 agnis
943 5320 979 5375 sit
1001 5320 1104 5377 sacrifi-

321 5405 410 5467 cium,
427 5408 496 5475 quod
511 5407 607 5461 ollrrre
620 5409 737 5478 potuerit
752 5424 847 5465 manus
861 5408 933 5478 ejus,
948 5414 993 5481 qui
1007 5411 1104 5481 ollcrt,

321 5504 349 5547 ει
361 5509 409 5563 ρει
421 5490 524 5567 singula
535 5498 665 5577 ephi,er·it
680 5497 730 5552 olei
745 5513 869 5554 mensura
882 5515 941 5569 cquae
955 5501 1104 5572 appellatur

322 5587 369 5642 bin
379 5606 386 5641 :
398 5588 576 5646 Kalendamar
588 5600 686 5658 ιιιιειιι,
694 5594 745 5647 ιιοε
757 5602 809 5660 εει,
821 5595 1022 5649 neomeniarum
1036 5595 1103 5661 dies,

321 5681 376 5737 hoe
394 5681 502 5738 babebit
518 5684 685 5755 privilegium
705 5684 820 5755 amplius
838 5701 853 5738 a
872 5686 916 5741 dic
929 5685 1051 5751 sabbati,
1075 5696 1105 5743 ut

321 5767 422 5825 vitulus
440 5771 592 5828 immoletur
604 5775 636 5829 de
655 5782 776 5829 armento
790 5775 846 5830 sire
863 5782 956 5830 taurus
972 5776 1104 5831 immacu.

323 5860 405 5916 latus.
424 5863 525 5918 Caetera
539 5873 638 5930 atatem,
655 5865 681 5919 id
695 5875 737 5919 εει
748 5879 793 5919 εει
809 5865 869 5936 agni
883 5864 1061 5932 immaculati,
1076 5874 1103 5921 ει

323 5952 395 6006 aries
406 5952 604 6018 immaculatus,
616 5964 643 6009 et
655 5955 787 6010 saeriiicia
800 5969 892 6009 eorum
905 5956 986 6011 ritum
999 5957 1102 6012 sabbati

323 6041 556 6113 possirleboat.lta
572 6043 1104 6113 damnantursicutinarictccphiobcr·

1156 5055 1208 5109 hoc
1222 5061 1264 5108 est
1277 5053 1364 5106 oleum
1391 5049 1461 5120 qnod
1475 5049 1527 5104 sibi
1539 5048 1656 5119 «quinque
1669 5048 1785 5120 virgines
1799 5064 1937 5119 pra-para·

1157 5150 1266 5208 rerunt,
1284 5152 1313 5196 ιιι
1328 5148 1410 5211 ungat
1422 5139 1537 5194 similam
1551 5139 1607 5193 sire
1621 5140 1938 5205 commisceat,etornnis

1155 5230 1255 5287 obliuio
1267 5229 1315 5284 [lei
1328 5228 1405 5299 plena
1420 5228 1455 5282 sit
1467 5225 1567 5282 lumine
1581 5226 1715 5291 veritatis,
1730 5234 1758 5281 ει
1771 5226 1938 5282 exhilaretur

1156 5316 1238 5372 iacies
1249 5315 1385 5371 offerentis
1405 5314 1503 5369 olermr.
1522 5314 1570 5368 Die
1581 5302 1671 5367 autem
1686 5312 1877 5377 Kalendarum,
1887 5313 1938 5368 ιιοε

1155 5416 1212 5472 εει,
1235 5406 1278 5461 ιιιε
1299 5405 1451 5469 tricesimo,
1472 5404 1580 5475 qnando
1598 5401 1774 5473 primogenita
1793 5410 1821 5457 et
1838 5400 1938 5455 Levita

1155 5505 1331 5553 numerantur
1344 5497 1370 5551 in
1384 5496 1452 5567 lege,
1464 5502 1562 5566 preter
1573 5509 1680 5550 omnem
1692 5492 1783 5555 lsrael,
1798 5490 1939 5567 dequibus
2032 5547 2034 5551 Α

1155 5604 1236 5659 supra
1250 5589 1375 5653 diximus,
1395 5585 1506 5642 ollertur
1517 5583 1616 5640 vitulus
1630 5585 1662 5638 de
1675 5587 1796 5637 armento
1810 5579 1939 5633 immacu·

1155 5678 1243 5744 latus,
1268 5693 1419 5747 superque
1437 5675 1541 5748 plenius
1557 5676 1585 5729 iu
1603 5672 1687 5745 priori
1710 5668 1826 5740 capitulo
1850 5668 1937 5724 disse-

1156 5772 1259 5826 ruimus
1272 5787 1278 5824 :
1295 5780 1321 5826 ει
1336 5770 1397 5841 agai
1411 5785 1456 5825 εει
1469 5777 1495 5824 ει
1505 5770 1603 5824 arietes
1616 5762 1788 5828 immaculati,
1799 5769 1827 5837 et
1839 5767 1939 5815 catera

1156 5876 1216 5931 qum
1241 5860 1388 5916 offeruntur
1413 5861 1439 5915 in
1465 5860 1584 5916 sabbatis
1609 5862 1639 5909 ut
1663 5861 1792 5908 aeternam
1816 5849 1938 5920 requiem

1156 5968 1361 6025 consequamur,
1380 5962 1407 6009 ct
1423 5966 1574 6007 mercamur
1587 5946 1700 6003 audire:
1716 5963 1726 5997 ι
1742 5944 1835 6016 Euge,
1860 5957 1938 5998 serre

1155 6042 1234 6112 bone,
1243 6045 1305 6115 quia
1317 6045 1344 6100 in
1356 6043 1450 6116 paucis
1462 6040 1547 6098 tidelis
1557 6036 1641 6109 inisti,
1649 6049 1729 6110 snper
1739 6033 1822 6092 multa
1835 6042 1861 6091 te
1872 6047 1927 6089 ωι-
