4500 6842
294 535 370 662 ‘807
660 601 691 657 B.
712 599 839 656 banael
857 599 967 656 nabet
985 598 1145 656 nttctttut‘.
1167 598 1472 660 besuunoetsttbtt
1485 596 1576 654 PARS
1593 595 1629 652 tt.
1892 599 1940 657 808

314 723 365 778 est.
379 727 461 770 omne
476 713 579 785 replum
603 726 697 783 genus.
712 710 834 780 Cumque
844 700 846 703 ⁴
857 710 976 781 potentia
991 710 1103 780 cjosin·
1117 712 1142 773 Α
1156 729 1209 767 uon
1232 712 1364 783 plautavit
1383 709 1501 765 eoelestis
1527 717 1605 779 pater
1627 707 1814 765 eradicabitur
1838 708 1941 781 (lluttl.

315 806 437 863 terseetis
460 806 628 877 principibus
655 804 794 868 deiecerit,
807 813 871 861 ιιιιιο
893 805 1030 876 nigrescet
1045 806 1104 861 dies
1155 802 1210 874 ιι).
1230 801 1331 857 rllrrde
1343 810 1371 856 et
1390 800 1675 859 lemmiasdestmere
1690 798 1942 872 jrrbeturqnueeon

314 907 341 952 et
367 895 481 967 caligine
507 910 540 951 ao
567 896 688 951 tenebris
706 896 797 950 onmia
831 895 1046 967 complebuntur,
1065 896 1103 952 ita
1153 902 1255 950 structu
1270 903 1364 957 crant,
1385 900 1415 947 ut
1429 889 1546 950 aedibeet
1557 890 1678 946 meliora.
1693 889 1826 948 Peribunt
1838 908 1940 965 quoque

314 995 344 1042 nt
358 989 414 1056 ipsa
429 985 494 1041 urbs
508 987 646 1055 operiatur
670 987 741 1041 nube
762 986 888 1042 nroeroris
912 1001 945 1041 ae
957 986 1055 1041 luctus.
1071 987 1095 1069 ἢ
1153 986 1179 1040 iu
1192 984 1310 1056 AEqypto
1325 979 1477 1053 AEtlriopcs,
1494 982 1591 1055 libyes
1604 994 1631 1038 et
1645 981 1724 1054 Lydi,
1735 982 1794 1038 sive
1804 981 1883 1052 juxta
1896 984 1940 1042 Se-

315 1077 376 1133 dliae
387 1076 453 1146 ejus,
468 1078 495 1132 id
507 1084 559 1140 est,
570 1076 668 1147 oppida
680 1077 782 1146 reliqua
798 1075 932 1132 ducantur
946 1076 973 1130 in
991 1077 1103 1146 captivi·
1152 1076 1301 1146 pereginus,
1316 1075 1415 1138 Perse,
1429 1072 1589 1138 Cretenses,
1605 1081 1632 1129 et
1655 1072 1741 1145 Lydi,
1756 1082 1786 1128 et
1801 1070 1901 1146 Libyes
1919 1085 1941 1134 et

251 1199 254 1206 ·
314 1176 408 1233 tatem,
423 1175 453 1221 ot
467 1175 608 1237 postquam
631 1165 721 1222 leccro
740 1164 872 1235 judicium
894 1166 921 1220 in
934 1165 1061 1238 AEqyptu,
1076 1173 1103 1220 ct
1152 1164 1239 1230 Clurb,
1259 1166 1285 1219 id
1309 1172 1360 1230 est,
1381 1163 1507 1229 Arabes,
1531 1172 1559 1217 et
1581 1177 1662 1218 omne
1689 1162 1827 1234 reliquum
1842 1162 1939 1236 vulqus,

314 1257 341 1311 in
356 1257 464 1326 cunctis
470 1255 588 1324 judicem
601 1256 833 1322 demonstravero,
849 1264 912 1310 tnnc
922 1256 1008 1311 sciant
1021 1255 1103 1328 AEgy-
1152 1272 1220 1326 quos
1235 1276 1244 1308 ι
1258 1256 1391 1328 llybridas
1406 1263 1487 1325 atque
1496 1254 1633 1310 mixticios
1645 1253 1718 1309 Lllll
1729 1254 1938 1314 transtulerunt:

311 1348 359 1418 ptii
384 1347 455 1416 quod
479 1362 529 1416 epo
551 1347 601 1400 sim
623 1346 762 1401 Dourinus.
788 1346 852 1402 llnc
881 1347 958 1417 quasi
984 1346 1103 1416 parvulis
1152 1364 1221 1418 quos
1237 1346 1560 1418 omrresprodiucrsitate
1575 1345 1706 1402 vitiorum
1723 1345 1939 1418 interpretatione

311 1439 443 1495 elementa
459 1439 659 1508 descripsimus,
676 1448 706 1493 ut
718 1454 766 1509 per
779 1439 894 1502 litteras,
908 1438 1037 1510 syllabas,
1052 1455 1102 1494 no·
1152 1439 1373 1508 nominumque
1392 1438 1538 1494 inrisione
1558 1438 1622 1509 Tyri
1645 1438 1807 1509 posuimus,
1829 1440 1940 1510 diuersas

311 1531 604 1598 mina‚rcr·lrorunrque
615 1539 770 1584 eorrtexuuu
785 1531 889 1598 possint
903 1531 937 1585 ud
959 1531 1101 1585 lectionem
1152 1544 1296 1601 possumus
1324 1528 1474 1598 intelligere
1503 1528 1636 1584 nationes.
1677 1528 1755 1585 Uude
1781 1529 1937 1600 Apostolus:

310 1634 397 1688 prose
409 1618 450 1673 rel
462 1620 752 1688 cariniuisperueuire.
765 1617 840 1675 Nunc
847 1620 1035 1690 aggrediamur
1046 1629 1107 1690 tro-¹
1156 1641 1165 1672 ι
1187 1621 1250 1683 Vos,
1267 1620 1364 1689 iuquit,
1377 1627 1471 1691 gentes
1495 1619 1523 1673 in
1542 1634 1633 1686 earne,
1649 1638 1660 1673 ι
1682 1619 1728 1690 qni
1743 1619 1868 1676 dicimini
1881 1635 1938 1692 pre·

309 1709 454 1780 pologiam,
467 1718 494 1763 οι
510 1709 671 1763 latissinuuu
681 1707 874 1780 disputationis
894 1709 1005 1780 pelagus
1025 1708 1101 1764 breri
1151 1712 1255 1783 putiurn
1271 1709 1379 1782 (pres.
1395 1708 1442 1781 u),
1456 1724 1602 1780 numquam
1614 1699 1688 1765 eninr
1703 1709 1820 1768 oimuet
1832 1710 1860 1764 in
1872 1726 1938 1765 curre

309 1800 386 1868 quasi
399 1799 511 1869 picturae
527 1798 617 1853 tabula
629 1798 854 1854 brnorrstrcmos.
875 1796 971 1852 Sermo
984 1797 1100 1860 Domini,
1152 1811 1257 1872 gentos,
1274 1802 1325 1857 trisi
1339 1811 1431 1856 essent
1445 1799 1504 1855 alise
1523 1800 1550 1855 in
1562 1800 1668 1870 spiritu.
1687 1798 1722 1856 llt
1739 1798 1768 1856 iu
1790 1799 1846 1854 alio
1865 1799 1936 1856 loco:

308 1890 354 1960 qui
370 1899 430 1944 erat
450 1904 559 1958 sempor
573 1888 600 1941 iu
617 1896 705 1958 patro,
718 1889 804 1944 bretus
818 1898 860 1944 est
878 1889 913 1943 ad
930 1890 1100 1959 proplietam,
1154 1911 1163 1944 ι
1185 1891 1276 1947 l'idetc
1286 1891 1368 1947 lsrael
1382 1890 1529 1946 secundum
1540 1904 1649 1945 caruem
1663 1888 1689 1961 (l
1702 1886 1766 1944 Cor.
1790 1888 1831 1961 x).
1848 1910 1858 1941 ι
1873 1889 1937 1946 date

307 1989 335 2038 et
345 1989 424 2036 uocat
433 1995 494 2035 eum
507 1994 677 2049 nequaquam
688 1979 799 2034 nomine
812 1995 872 2044 suo,
888 1981 937 2035 sed
950 1978 1034 2035 filium
1052 1980 1102 2036 lto-
1152 1997 1315 2054 magnopere
1337 1980 1531 2051 providendum
1552 1989 1604 2047 est,
1616 1996 1650 2036 ne
1664 1981 1748 2037 eorde
1775 1992 1937 2038 reuertamur

307 2073 389 2128 minis
401 2088 408 2127 ι
422 2072 494 2141 quod
506 2071 533 2125 in
548 2069 695 2141 seripturis
709 2072 811 2126 sanctis
823 2071 852 2126 in
872 2071 971 2128 bonam
996 2082 1100 2142 partem
1115 2065 1139 2124 B
1153 2073 1181 2127 in
1194 2071 1351 2143 AEgpptum,
1362 2072 1456 2142 deque
1469 2069 1552 2126 semel
1565 2071 1699 2126 exivimus
1708 2082 1737 2126 et
1751 2070 1821 2127 iuter
1834 2080 1937 2128 entem

223 2171 227 2178 '
307 2181 414 2236 semper
428 2164 561 2235 accipitur
584 2165 716 2219 duntaxat
740 2179 854 2220 numero
875 2163 1100 2235 singulari,utin
1151 2172 1246 2233 gentes
1259 2164 1440 2228 inveniamur,
1455 2172 1482 2218 et
1496 2177 1639 2233 pereamus
1658 2162 1759 2235 gladio.
1789 2164 1831 2219 lle
1852 2164 1937 2234 quoin

307 2257 359 2311 boc
373 2256 468 2312 eodem
487 2256 661 2326 prophetant
682 2255 709 2309 iu
724 2254 833 2311 baniolo
845 2262 875 2310 et
898 2255 924 2309 iu
939 2254 1099 2326 Evangelio;
1151 2254 1379 2325 consequentibus
1389 2254 1489 2310 dieitur
1502 2272 1508 2308 :
1523 2251 1661 2310 ‹luvenes
1672 2253 1848 2326 lleliopoleos
1859 2255 1938 2311 etbu-

307 2347 427 2416 alioquin
448 2345 547 2415 plurali
572 2359 686 2400 numero
702 2345 729 2400 in
744 2346 911 2402 contrarium
927 2345 1047 2417 legitur,
1071 2354 1102 2402 ιιι
1151 2345 1220 2400 busti
1243 2344 1334 2422 gladio
1353 2346 1459 2409 cadent,
1480 2363 1490 2396 ι
1514 2345 1631 2400 maxime
1649 2360 1711 2400 eum
1730 2343 1874 2418 irrogatur,
1896 2358 1939 2406 ιιι

306 2448 348 2493 est
365 2437 446 2492 illud:
464 2454 474 2488 ι
491 2435 552 2490 Filii
572 2436 724 2498 horniuum,
747 2436 841 2491 dentes
859 2451 953 2491 eorum
972 2451 1048 2491 arma
1074 2444 1102 2492 ot
1151 2435 1199 2491 srlii
1213 2445 1292 2492 terrae
1303 2434 1413 2491 scederis
1425 2436 1483 2492 siue
1496 2435 1664 2492 Testamenti
1678 2437 1731 2492 mei
1745 2437 1830 2492 simul
1842 2453 1940 2496 mucro·

306 2536 420 2606 sagittae,
430 2535 557 2606 etliugua
570 2549 663 2589 eorum
674 2532 779 2605 gladius
789 2533 961 2589 acutuert
971 2548 1098 2588 rursum:
1151 2526 1338 2581 neserieutur.
1360 2547 1370 2580 ι
1394 2525 1433 2582 lle
1454 2528 1552 2596 quibus
1569 2528 1699 2597 scriptum
1726 2537 1816 2584 estzr
1841 2532 1939 2602 llaeqoi

309 2643 318 2675 ι
338 2625 397 2678 l'iiii
415 2625 568 2688 borniunru,
582 2637 724 2693 usquequo
734 2622 811 2693 graui
821 2622 921 2677 corde?
932 2642 941 2674 ι
951 2618 1037 2691 (Paul.
1050 2620 1100 2692 ιι.)
1151 2616 1318 2673 descendunt
1332 2617 1359 2671 in
1372 2617 1518 2689 AEqyptum
1532 2618 1566 2672 ad
1575 2618 1706 2674 auxilium
1719 2619 1746 2675 in
1758 2621 1840 2692 equit
1850 2632 1939 2680 etcur·

305 2715 360 2771 Leo
376 2716 451 2770 enirn
473 2715 571 2786 rugiet,
579 2722 606 2769 et
622 2714 685 2784 quis
704 2729 757 2770 non
771 2713 896 2770 timebit?
909 2714 1040 2769 boninus
1062 2711 1102 2769 lo-
1150 2705 1226 2762 ribus
1238 2706 1403 2764 confidentes
1414 2707 1482 2780 (lta.
1492 2708 1578 2781 ι1ιι).
1594 2727 1605 2762 ι
1620 2706 1668 2765 Sin
1680 2718 1772 2766 autem
1785 2721 1938 2770 ceterarum

305 2814 384 2861 cotos
409 2813 452 2861 est
472 2816 501 2861 et
527 2805 589 2875 quis
611 2819 665 2860 non
691 2803 908 2875 prophetabitis
930 2803 1020 2875 (druos
1044 2800 1101 2875 ιιι.)
1150 2800 1270 2870 gentium
1282 2799 1405 2856 homines
1418 2801 1587 2860 trucidantur
1597 2800 1761 2874 iodigppto,
1776 2815 1880 2875 quanto
1889 2821 1940 2862 nu·

307 2913 317 2947 ι
334 2893 452 2959 Ululate,
462 2893 559 2964 iuquit,
571 2908 622 2958 na,
637 2907 677 2947 rae
694 2893 758 2959 diei,
773 2894 835 2963 quia
846 2892 925 2963 justa
938 2902 981 2950 est
994 2893 1062 2961 dies,
1073 2902 1102 2951 et
1149 2891 1191 2963 qis
1202 2890 1250 2946 dlii
1266 2891 1376 2947 ioederis
1387 2899 1415 2947 et
1428 2889 1594 2948 Testamenti
1607 2890 1666 2956 bei,
1679 2892 1728 2962 qui
1739 2902 1937 2952 contemnenter

304 2988 513 3057 appropinquat,
525 2985 591 3041 dicit
601 2984 740 3053 Dominus,
750 2986 809 3042 dies
819 2987 909 3053 nubis,
925 2995 1031 3058 tempus
1043 2986 1101 3043 sire
1149 2980 1307 3054 angelorum
1317 2995 1415 3051 panem
1430 2998 1437 3035 ε
1452 2979 1561 3053 AEgypli
1573 2995 1707 3052 peponum
1725 2991 1751 3037 el
1772 2998 1902 3055 eepurruu
1914 2993 1939 3041 et

305 3075 368 3130 buis
393 3076 512 3147 gentium
526 3076 589 3133 erit.
615 3096 625 3129 ι
643 3076 746 3146 buplex
760 3074 1033 3132 consummataest:
1053 3082 1100 3129 aut
1149 3070 1642 3135 alborum,eteucnmernmrecordati
1653 3081 1726 3128 suut.
1737 3073 1940 3137 Tunccon'oeut

306 3167 470 3237 generaliter
491 3168 629 3234 omnium,
655 3167 763 3237 quando
781 3165 843 3221 linis
860 3164 952 3220 mnudi
979 3164 1098 3219 aduene-
1149 3162 1333 3219 sustentacula
1342 3171 1371 3218 et
1383 3161 1469 3217 inlera
1483 3160 1604 3233 AEqppti,
1616 3176 1678 3233 quae
1699 3179 1762 3220 eam
1779 3166 1807 3221 in
1827 3166 1938 3238 ιιαιιιιιιι

305 3259 359 3314 rit:
383 3266 429 3313 ant
455 3259 610 3329 specialiter
640 3257 832 3330 singulorum,
858 3254 966 3326 qnando
995 3262 1100 3323 tempus
1149 3255 1357 3310 sustentabant:
1377 3252 1580 3310 dialecticorum
1596 3252 1710 3324 argutiae
1727 3263 1755 3310 et
1774 3255 1939 3330 pbilosopho-

304 3346 401 3402 mortis
424 3347 561 3402 institerit.
580 3347 664 3402 laeto
679 3355 769 3401 antem
783 3344 892 3410 dicitur,
907 3343 972 3412 quia
988 3342 1099 3398 ceterui·
1151 3366 1211 3406 rum
1229 3351 1358 3421 strophae,
1369 3350 1594 3407 contumeliosum
1614 3366 1724 3422 quoque
1739 3365 1773 3407 ae
1800 3350 1939 3423 superbum

305 3439 353 3493 tati
378 3446 564 3509 comparatum
586 3453 667 3494 omne
686 3447 793 3507 tempus
811 3436 894 3491 breve
908 3441 959 3489 est.
976 3433 1053 3490 Unde
1071 3441 1098 3489 et
1113 3411 1136 3475 C
1152 3439 1293 3511 suppetium
1308 3439 1531 3509 destruendum
1545 3438 1636 3496 omnia
1647 3440 1800 3511 loquuntur
1813 3453 1862 3511 per
1872 3451 1940 3496 arru-

304 3528 387 3586 laeob
405 3538 516 3586 contum
538 3538 566 3585 et
590 3530 701 3602 triginta
726 3542 833 3593 annos,
863 3526 962 3597 quibus
981 3525 1099 3580 uixerat:
1149 3531 1280 3601 gantiam,
1293 3537 1321 3586 et
1337 3529 1550 3587 eeclesiasticam
1564 3529 1768 3600 simplicitatem
1784 3529 1939 3600 ducuntpm

307 3637 320 3672 t
332 3621 430 3684 Pauci,
453 3620 561 3691 iuquit,
586 3630 613 3676 et
641 3620 752 3691 pessimi
776 3626 840 3677 sont
861 3618 920 3672 dies
944 3615 998 3671 mel
1019 3612 1096 3688 (Gen.
1149 3619 1262 3677 nihilo«
1279 3619 1391 3676 Αιιιιιο
1400 3620 1473 3675 enim
1489 3618 1592 3691 Syenes
1601 3619 1699 3676 cadent
1709 3619 1737 3676 iu
1754 3634 1824 3686 ea‚r
1844 3617 1939 3690 quain

304 3711 399 3781 sevir).
422 3731 432 3764 ι
454 3712 489 3766 Ει
513 3710 656 3768 Psalruista
676 3713 709 3768 de
718 3709 840 3773 universi
866 3707 973 3781 generis
986 3706 1098 3761 bomani
1149 3710 1279 3765 extremis
1301 3710 1424 3765 terminis
1433 3709 1552 3781 AEqypti
1567 3702 1715 3781 AEtbiopiae
1733 3709 1939 3782 blemmyaru-

304 3801 451 3873 iraqilitate
465 3803 615 3873 disputans,
630 3804 688 3858 ait:
709 3820 719 3854 ι
735 3802 799 3857 Dies
815 3799 900 3856 nostri
913 3799 990 3869 quasi
1002 3797 1098 3853 umbra
1148 3815 1201 3872 que
1221 3800 1336 3857 eontinis
1354 3809 1407 3867 est,
1429 3800 1476 3858 ubi
1492 3799 1567 3856 Nilus
1581 3799 1783 3871 innavigabilis,
1802 3808 1831 3857 et
1842 3806 1940 3858 esttrt·

303 3890 591 3963 pertranseuntll’aol.
604 3890 652 3963 οι).
672 3910 682 3943 r
704 3889 781 3957 Quod
791 3899 967 3960 reputantes,
986 3902 1037 3943 nee
1050 3901 1099 3957 pu-
1149 3890 1370 3962 otmuntingon
1386 3890 1518 3947 etomnia
1535 3890 1609 3944 invia
1623 3890 1759 3961 plenaque
1778 3887 1937 3961 serpuu'ut

304 3983 388 4039 tentia
401 3983 548 4053 erigemur,
561 3998 612 4039 nee
623 3981 726 4038 diuitiis
740 3980 937 4045 incubabimus,
949 3993 1000 4035 nec
1012 3978 1098 4035 letici-
1149 3990 1177 4038 et
1190 3991 1383 4037 renouatomm
1406 3981 1595 4037 animantium.
1622 3979 1671 4037 Sin
1694 3990 1798 4049 antem,
1814 3990 1845 4036 ut
1866 3991 1938 4051 snprt

303 4082 359 4131 tate
372 4075 534 4143 laetebimur,
545 4076 599 4131 cito
611 4075 703 4130 omnia
714 4071 863 4129 auferenda
873 4081 1025 4126 noscentes.
1035 4069 1099 4125 Pul·
1149 4071 1277 4137 brimus,
1288 4070 1427 4142 llaqdalus
1441 4070 1680 4140 maguffieentiam,
1703 4078 1732 4127 et
1746 4069 1838 4143 Syene
1850 4082 1936 4143 arun

302 4161 421 4236 cirroque
433 4164 489 4220 dies
508 4165 606 4221 dieitur
624 4163 753 4228 basuini,
774 4161 882 4232 qnando
894 4160 984 4215 omnis
1005 4159 1097 4216 seculi
1149 4173 1239 4230 sonat,
1256 4165 1429 4235 perspicuum
1443 4172 1496 4230 est,
1510 4164 1582 4237 quod
1600 4163 1736 4237 AEqyptiae
1750 4180 1828 4237 epm,
1839 4163 1867 4221 et
1880 4178 1937 4222 eoa-

303 4256 475 4312 oonrersutio
488 4255 654 4321 destruetur,
665 4265 693 4310 et
706 4267 800 4309 errore
810 4252 916 4309 sublato
929 4266 983 4306 una
996 4250 1098 4306 veritas
1149 4255 1289 4311 tumeliusa
1297 4253 1426 4312 lortitudo
1433 4264 1460 4311 et
1467 4254 1677 4327 magnificentia,
1686 4256 1713 4312 id
1721 4254 1937 4325 est,jactautiaet

303 4344 454 4415 apparebit.
474 4344 590 4413 Diesque
608 4345 688 4399 nubis
700 4353 728 4398 et
741 4342 855 4407 nebula),
867 4342 957 4399 nullus
976 4342 1048 4398 enim
1060 4342 1099 4397 in·
1148 4345 1327 4401 exaltationes
1353 4347 1542 4415 vituperentur
1564 4360 1625 4416 quae
1651 4347 1685 4402 ad
1709 4361 1807 4418 pyrum
1833 4341 1934 4418 AEpypti

304 4432 427 4502 trepidos
441 4432 616 4502 incertusque
629 4432 663 4486 de
680 4432 815 4487 sententia
827 4432 930 4500 absque
943 4445 1043 4501 pauore
1054 4430 1098 4501 ju·
1147 4438 1294 4508 portinent,
1305 4438 1350 4493 ubi
1367 4438 1435 4493 nibil
1454 4438 1551 4494 stabile
1565 4447 1619 4503 est,
1636 4439 1684 4493 sed
1705 4439 1813 4496 incerto
1829 4438 1935 4495 rolritur

303 4525 390 4580 dieeur
401 4521 582 4593 prestolatur.
593 4521 627 4575 Et
638 4521 820 4590 ternpus‚sire
832 4520 894 4575 linis
904 4522 1023 4591 gentium
1034 4521 1096 4585 erit,
1149 4529 1224 4601 lapsu
1247 4538 1274 4586 er
1296 4530 1419 4601 perventu
1440 4532 1475 4587 ad
1498 4529 1615 4586 ruinam,
1639 4528 1717 4586 Tunc
1743 4530 1934 4602 dissipabuntur

303 4630 357 4670 non
371 4616 451 4670 unius
465 4614 553 4686 geritis
566 4612 712 4686 AEqyptiae,
728 4614 775 4669 sed
787 4613 985 4678 universarum,
1001 4622 1030 4669 ut
1044 4629 1098 4668 rna·
1150 4622 1286 4693 AEgyprtae
1305 4622 1438 4685 cicinnos,
1452 4628 1480 4676 et
1502 4627 1574 4676 terra
1590 4620 1697 4676 deserta
1720 4623 1795 4687 suit,
1821 4630 1850 4676 er
1871 4617 1931 4676 nulb

302 4707 431 4761 bifestum
447 4705 492 4761 dat
506 4705 540 4760 de
553 4706 659 4761 cunctis
677 4704 802 4775 gentibus
823 4703 986 4774 prophetari.
1003 4702 1098 4774 Sequi·
1111 4753 1137 4815 Β
1149 4715 1320 4784 pppgpegauo
1339 4713 1497 4776 rurrrarrebit,
1515 4711 1617 4767 liabens
1634 4710 1736 4782 aliquid
1748 4702 1890 4774 sirmitalis.
1908 4712 1931 4764 tl

302 4801 366 4849 tur:
384 4812 393 4847 ι
409 4793 504 4850 Veniet
517 4794 623 4866 gladius
637 4794 665 4850 in
679 4794 837 4866 AEgyptunt.
855 4814 865 4847 r
881 4794 994 4851 Gladius
1005 4810 1096 4851 uersa·
1150 4822 1240 4862 rerum
1262 4806 1315 4861 fine
1347 4812 1511 4875 cognoscant
1538 4803 1610 4873 quod
1643 4803 1700 4874 ipse
1727 4805 1766 4859 sit
1798 4803 1929 4864 boninus.

304 4886 367 4946 titis,
383 4894 411 4940 et
429 4884 580 4950 flammeos,
600 4899 691 4940 sermo
702 4884 821 4950 divinos,
837 4884 883 4955 qui
895 4884 1006 4940 bonosa
1018 4884 1097 4941 malis
1149 4899 1257 4968 quanqo
1274 4897 1378 4951 miserie
1398 4896 1486 4966 iguem
1510 4895 1536 4949 ιι.
1559 4892 1694 4966 elapso,
1717 4910 1802 4964 quem
1816 4894 1929 4951 numium

302 4976 413 5039 diridet,
430 4984 458 5030 et
473 4976 607 5045 pessimos
619 4991 683 5032 suos
700 4977 762 5048 igne
775 4984 940 5032 consumat:
967 4976 995 5032 ln
1012 4976 1096 5050 AEgy-
1149 4987 1245 5040 ardore
1276 4984 1433 5048 (insiderat,
1470 4991 1501 5038 ut
1541 4982 1651 5048 senum,
1692 4982 1788 5055 liqna,
1820 4982 1926 5053 stipate.

302 5071 378 5132 ptum
391 5063 850 5138 arrtemhujussaeouli,itantparor
865 5068 902 5125 sit
916 5068 944 5123 in
957 5068 1096 5140 AEtbiopia
1148 5091 1209 5145 quae
1241 5089 1323 5144 supra
1353 5073 1558 5131 fundamentum
1586 5074 1688 5131 Christi
1707 5076 1840 5132 aedificata
1866 5079 1925 5136 snb.

303 5154 348 5224 qui
365 5163 439 5211 trans
449 5156 594 5228 AEgyptum
607 5160 634 5214 in
645 5167 724 5238 uoeqe
734 5162 837 5217 erroris
850 5171 878 5217 et
892 5161 1011 5218 tenebris
1021 5178 1096 5219 com·
1149 5175 1367 5231 concrementur,
1392 5176 1418 5221 ct
1444 5183 1539 5223 ontnes
1559 5167 1736 5224 auxiliatores
1754 5179 1923 5240 perversore!

302 5253 455 5312 uniuntur,
465 5256 493 5301 et
504 5264 619 5317 qnorum
630 5251 741 5321 nigredo
756 5251 784 5306 in
805 5254 949 5308 eandorem
965 5262 1013 5308 aut
1028 5253 1096 5310 ottu-
1148 5256 1303 5327 depuratum
1323 5266 1508 5312 conterantur.
1531 5258 1571 5313 Ex
1591 5273 1646 5327 qno
1663 5259 1864 5331 intelligendum
1879 5254 1923 5312 tati

303 5337 398 5402 culter,
418 5349 465 5393 arrt
491 5355 661 5411 nequaquam
684 5344 861 5400 conuertitur.
885 5343 1041 5416 Cadentque
1068 5347 1096 5402 iu
1147 5348 1264 5402 uonriuis
1282 5348 1433 5413 seientiam,
1453 5360 1481 5404 ot
1498 5364 1545 5405 eos
1565 5351 1598 5405 de
1615 5351 1714 5420 quibus
1728 5352 1921 5423 scriptumest:

303 5428 574 5501 AEqyptorulnorati,
597 5433 642 5502 qui
668 5433 738 5489 male
757 5443 888 5489 steterant
914 5435 941 5489 iu
964 5436 1093 5506 nequitia.
1150 5458 1159 5491 r
1184 5440 1289 5509 bissipa
1312 5455 1407 5496 orurres
1430 5451 1533 5513 gentes,
1557 5458 1619 5513 (puae
1641 5443 1711 5498 bella
1735 5445 1830 5500 uolunt
1851 5440 1921 5515 (Pul.

306 5537 315 5570 ι
333 5521 366 5574 lit
378 5519 516 5575 auferetur
541 5522 685 5578 multitudo
708 5523 828 5595 AEgypti.
849 5545 858 5577 ι
884 5524 951 5580 bate
973 5528 1046 5582 enirn
1067 5536 1096 5582 ct
1148 5529 1267 5596 irrupi
1291 5531 1379 5586 sorios
1399 5541 1427 5585 ct
1447 5533 1532 5587 arixili
1550 5540 1622 5589 tores
1643 5531 1756 5605 AEqypti
1780 5529 1921 5604 nuncupeti-

303 5611 421 5679 spatiosa
439 5611 482 5666 ria
497 5622 549 5678 est,
572 5629 632 5684 quae
657 5613 731 5669 ducit
748 5615 781 5670 ad
798 5624 924 5672 mortem.
951 5618 984 5672 tir
999 5618 1095 5675 iuuda-
1149 5620 1200 5674 ι1ιι
1214 5622 1267 5685 elie,
1281 5622 1377 5690 inquit,
1392 5621 1436 5676 illa
1451 5623 1624 5693 egredientur
1638 5625 1727 5680 nuntii
1739 5641 1756 5681 a
1767 5626 1919 5688 tarsenae

302 5712 393 5759 menta
417 5705 487 5760 illius
512 5707 694 5772 destruentur,
711 5710 822 5764 utnihil
851 5711 877 5765 in
898 5709 1016 5783 AEpypto
1041 5714 1095 5784 pri-
1146 5712 1179 5766 de
1196 5713 1294 5781 quibos
1312 5714 1338 5766 iu
1357 5712 1504 5784 Evangelio
1521 5715 1653 5785 scripturn
1671 5714 1868 5789 estnbngeli
1885 5723 1921 5766 ee·

302 5793 379 5849 stira
393 5795 511 5852 resideat
526 5798 680 5864 drmitatis,
702 5800 751 5854 sed
775 5800 890 5858 ‹lesertis
914 5801 1094 5859 irrrrdameutrs
1146 5819 1204 5858 rum
1221 5819 1327 5874 semper
1340 5804 1433 5858 rident
1446 5802 1541 5859 faciem
1554 5804 1644 5861 Patris
1658 5806 1723 5871 mei,
1734 5808 1783 5878 qui
1795 5815 1836 5864 est
1845 5807 1869 5861 in
1878 5815 1921 5858 oe·

302 5886 428 5954 pessimis
451 5897 567 5958 ponatur
592 5889 795 5945 fundamentum
820 5891 931 5957 Christi,
946 5909 1095 5964 superque
1146 5892 1179 5947 lis
1195 5893 1404 5966 (baldenum).
1420 5913 1429 5945 ι
1458 5894 1492 5948 Ει
1506 5896 1533 5949 iu
1550 5897 1680 5952 sementis
1694 5898 1822 5967 parabola
1838 5905 1922 5951 nasto·

302 5982 449 6034 aedificetur
464 5976 593 6035 Ecclesia.
614 5999 624 6031 ι
641 5979 737 6037 Omnis
749 5982 847 6052 quippe
862 5983 1003 6052 plantatio,
1013 6000 1097 6054 quam
1147 6004 1190 6042 res
1205 5988 1302 6057 angeli,
1320 5990 1408 6054 idest,
1424 5989 1469 6058 qui
1490 5990 1576 6044 nuntii
1589 5999 1663 6052 sunt,
1680 5993 1825 6048 mittuntur
1839 6000 1866 6045 ut
1879 5982 1922 6041 orl·
