4500 6842
306 671 375 727 ltus
927 659 1103 716 ltt'sl‘oa'sa
1122 655 1302 712 diminica.
1857 652 1923 709 listi

305 786 361 842 ruit
372 783 417 853 qui
429 783 508 836 docet
520 794 638 842 servtttu,
658 777 793 832 domiuum
811 777 946 847 proprium
966 783 1087 829 centem·
1102 777 1126 834 A
1139 782 1180 825 cst
1195 771 1324 830 Ecclesia,
1340 766 1523 822 courctrticula
1538 767 1682 822 constituta
1701 774 1770 828 snut,
1793 777 1820 820 et
1835 779 1923 821 recto-

305 894 382 937 uere.
395 883 422 930 et
440 873 475 928 ab
488 872 546 939 eius
559 872 690 941 obsequio
708 871 833 924 recedere
847 887 854 921 t
880 876 981 938 quanto
1005 866 1091 936 ruaqis
1142 877 1195 924 res,
1209 869 1237 915 ct
1248 861 1343 914 catera
1357 860 1444 914 otlicia
1458 859 1580 914 ecclesiis
1595 868 1656 913 sunt
1667 859 1801 923 ordinata,
1816 868 1846 912 ut
1861 860 1923 913 nul·

305 967 349 1022 iile
361 965 405 1035 qui
415 963 552 1018 dominum
564 977 641 1015 suum
656 959 768 1027 speruit,
782 957 878 1026 eteius
891 955 1001 1012 serritio
1013 954 1090 1009 subdi
1140 950 1182 1005 lus
1194 951 1227 1004 de
1239 950 1312 1004 clero
1327 950 1446 1013 auderet,
1466 950 1510 1018 qui
1528 950 1667 1003 ordinatus
1684 964 1736 1002 nou
1758 957 1842 1013 essct,
1856 965 1925 1019 prce·

306 1054 429 1112 uoluerit.
446 1051 498 1106 Sed
517 1062 604 1104 tamen
617 1049 744 1103 distantia
762 1055 803 1101 est
824 1046 894 1099 iuter
906 1059 967 1098 cum
984 1045 1028 1114 qui
1043 1058 1092 1112 per
1140 1057 1247 1098 sumere
1259 1042 1374 1096 ollieinm
1389 1042 1460 1110 quod
1479 1042 1560 1095 sciret
1584 1057 1636 1095 nou
1661 1039 1710 1094 sibi
1734 1041 1866 1095 creditum
1881 1041 1924 1096 vel

306 1143 469 1217 superbiam,
486 1152 512 1196 ιι
524 1141 599 1195 illum
610 1140 656 1209 qui
671 1146 782 1208 propter
799 1135 987 1190 necessitatem
1012 1133 1089 1202 legit,
1140 1150 1298 1191 concessum
1312 1152 1318 1186 :
1334 1144 1360 1187 et
1376 1134 1456 1204 coepit
1470 1133 1522 1188 alio
1535 1133 1628 1186 uraliue
1649 1141 1676 1185 ct
1696 1132 1862 1202 providentia
1875 1148 1925 1202 qu-

305 1236 586 1301 emctuserudelitate
606 1232 706 1288 domini
728 1232 779 1287 sui.
804 1229 870 1285 Nam
884 1228 967 1296 Agar,
991 1225 1090 1280 lamula
1139 1225 1248 1279 berneri
1273 1223 1401 1278 Ecclesia.
1426 1223 1501 1289 Qttod
1526 1223 1548 1276 si
1568 1238 1662 1278 ιιιιιιιι
1684 1223 1779 1277 eadem
1804 1231 1923 1294 possent,

305 1330 392 1392 Sarac,
404 1327 495 1397 lugam
514 1326 585 1389 iniit,
600 1323 733 1392 affligente
746 1336 805 1376 eam
822 1320 928 1374 domina
950 1332 996 1371 sua
1013 1333 1019 1370 ε
1043 1315 1091 1369 scd
1140 1313 1321 1368 irrationabile
1335 1324 1416 1375 essct,
1438 1322 1465 1368 ct
1477 1313 1595 1382 t'rtlgaris
1612 1327 1655 1366 rcs
1670 1321 1697 1366 ct
1709 1312 1836 1366 vilissima
1851 1313 1926 1370 vide·

305 1421 400 1492 angelo
412 1421 572 1474 admonente
588 1426 617 1469 ut
630 1423 819 1476 reverteretur,
840 1419 868 1466 et
881 1410 956 1464 deret
972 1406 1090 1475 ιιι-,ιιι
1141 1415 1224 1459 retur.
1240 1405 1309 1458 lliuc
1324 1419 1388 1473 ergo
1401 1412 1444 1457 est
1467 1405 1537 1459 uude
1562 1420 1632 1459 tutuc
1653 1419 1740 1474 unque
1763 1406 1868 1460 diaconi
1896 1408 1925 1462 iu

305 1507 478 1565 dominatrici
490 1520 556 1569 suae,
577 1519 684 1559 reversa
705 1511 746 1557 est
769 1501 802 1555 ιιι
825 1500 971 1555 dominam.
996 1495 1042 1550 Sic
1063 1503 1091 1549 et
1139 1495 1237 1565 populo
1251 1495 1408 1565 praedicant,
1425 1509 1510 1564 neque
1524 1496 1612 1549 caeteri
1634 1496 1724 1550 clerici
1739 1497 1781 1551 ιιι
1803 1498 1862 1553 laici
1877 1500 1925 1554 ba·

305 1600 447 1656 Onesimus
460 1609 555 1652 servus
579 1593 743 1648 Plrilernouis
763 1589 855 1660 cllugit
875 1605 890 1642 a
909 1588 1089 1646 dominusne,
1139 1586 1254 1657 ptizant,
1269 1599 1355 1653 neque
1377 1600 1535 1655 quoeunque
1553 1586 1595 1641 dic
1615 1588 1754 1642 credentes
1783 1590 1926 1662 tinguntur

306 1692 353 1749 sed
366 1690 451 1746 Paulo
472 1686 593 1759 apostolo
615 1686 727 1740 docente
742 1681 854 1746 credidit
867 1679 984 1737 Christo,
1003 1685 1029 1731 ct
1043 1675 1091 1730 ba·
1140 1676 1192 1731 nisi
1206 1676 1279 1746 aegri.
1294 1675 1355 1729 ldeo
1376 1690 1428 1729 uon
1451 1690 1499 1747 per
1521 1676 1610 1730 ouuria
1635 1680 1799 1733 comcuiuut
1824 1682 1924 1752 scripta

306 1782 492 1852 ptizatusest.
511 1783 538 1832 et
552 1791 591 1831 ιιι
610 1789 658 1844 per
679 1771 855 1843 patrocinium
876 1767 994 1839 Apostoli
1011 1767 1090 1821 resti·
1119 1826 1122 1830 ,
1139 1765 1259 1835 Apostoli
1278 1764 1440 1819 ordinationi
1461 1781 1521 1835 qnae
1537 1781 1606 1820 nunc
1620 1768 1646 1822 in
1660 1767 1779 1825 Ecclesia
1794 1779 1846 1836 est,
1859 1775 1924 1843 quia
2021 1827 2024 1835 .

307 1882 380 1929 tutus
396 1880 437 1927 est
448 1869 558 1941 proprio
570 1866 677 1922 domiuo
688 1879 745 1919 suo.
763 1860 954 1916 idmonendus
966 1866 1007 1912 ιιι
1018 1858 1090 1911 cnim
1140 1856 1198 1910 lraec
1208 1856 1278 1910 iuter
1291 1854 1348 1926 ipsa
1362 1855 1509 1924 primordia
1524 1865 1587 1911 sunt
1605 1858 1714 1928 scripta.
1737 1860 1803 1915 Nam
1824 1872 1852 1917 et
1866 1864 1925 1934 ipse

306 1980 399 2023 servus
420 1963 533 2033 quilibet
554 1958 690 2031 fugitivus,
708 1970 755 2024 per
769 1953 859 2008 fideles
877 1952 1010 2010 doctores,
1032 1948 1092 2000 ubi·
1141 1948 1309 2006 Timotheum
1325 1949 1509 2019 presbyterum
1535 1964 1549 2001 a
1578 1962 1607 2000 se
1625 1957 1745 2004 creatum
1769 1953 1924 2023 episcopum

306 2071 411 2127 cunque
435 2054 527 2116 luerit,
552 2060 581 2106 ut
605 2058 757 2104 revertatur
778 2044 811 2098 ad
833 2043 969 2099 domiuum
992 2054 1089 2102 suum,
1140 2049 1227 2098 vocat.
1243 2041 1304 2109 quia
1320 2041 1397 2110 primi
1413 2041 1561 2112 presbytcri
1580 2041 1696 2110 episcopi
1710 2043 1923 2112 appellabantur,

305 2155 332 2200 et
346 2145 391 2199 liat
403 2145 428 2198 ei
441 2142 586 2212 subjectus,
608 2154 642 2193 ne
657 2136 727 2192 lorte
741 2142 915 2190 contcmnens
928 2137 1090 2200 pracceptum
1106 2115 1129 2174 Β
1143 2137 1172 2181 ut
1191 2131 1332 2184 recedente
1352 2144 1384 2184 eo
1398 2145 1512 2199 sequeus
1532 2132 1696 2185 succederet.
1719 2132 1837 2204 benique
1855 2138 1926 2206 apud

306 2234 421 2298 Dotrtiui,
441 2240 570 2302 perpetuo
583 2228 755 2282 anathemate
776 2223 948 2293 percutiatur.
964 2219 1089 2274 Attamen

305 2327 328 2382 ti
343 2326 369 2379 in
393 2325 450 2393 ipsa
482 2321 543 2393 luga
565 2320 672 2380 obierit,
692 2316 822 2372 ‹tratrdum
843 2324 884 2369 est
906 2328 955 2383 pro
979 2327 1022 2376 eo,
1038 2310 1089 2365 nisi

306 2416 376 2472 lorte
389 2414 479 2483 aliquo
489 2411 603 2467 crimine
618 2408 719 2476 ntctjurc
731 2406 892 2476 implieetur,
907 2412 953 2457 aut
966 2403 993 2457 in
1008 2401 1089 2471 perit-

305 2507 375 2561 diam
389 2503 554 2565 devolvatur,
568 2501 639 2554 uude
659 2498 795 2554 fructuosa
815 2513 864 2566 pro
890 2510 922 2549 eo
937 2509 990 2549 nou
1004 2493 1088 2563 possit

304 2611 365 2652 esse
388 2595 484 2651 oratio.
510 2592 635 2647 Attamen
660 2588 834 2659 Augustinus,
857 2586 891 2640 ad
915 2584 1090 2638 Laurentium

305 2687 438 2750 scribens,
452 2686 488 2739 ita
509 2684 582 2738 iuter
599 2682 651 2736 alia
664 2680 723 2734 ait:
745 2699 753 2730 t
770 2677 837 2733 Cum
862 2691 926 2747 crgo
946 2674 1087 2740 sacrlllcra,

306 2779 362 2834 sive
386 2776 498 2841 altaris,
524 2775 580 2829 siue
602 2785 822 2843 quantuncunque
847 2765 1087 2844 elcemosynarurir,

286 2883 352 2941 ,pro
365 2866 508 2938 baptizatis
527 2865 651 2921 omnibus
669 2862 819 2919 ollcruntur
833 2878 840 2915 :
862 2860 911 2930 pro
924 2858 1000 2914 valde
1013 2853 1089 2912 bonis

303 2958 449 3032 praeliorum
461 2956 580 3013 actiones
595 2963 667 3019 suut,
680 2967 728 3023 pro
752 2966 805 3006 non
817 2949 895 3004 valde
909 2948 987 3003 rnalis
1000 2947 1089 3016 propi-

304 3051 428 3105 tiationes
444 3058 516 3114 sunt,
540 3060 588 3119 pro
602 3044 677 3100 valde
699 3041 787 3105 malis,
804 3039 911 3095 etiamsi
938 3037 1009 3091 nulla
1025 3044 1089 3091 sunt

304 3139 454 3208 adjumenta
468 3148 645 3203 mortuorum,
672 3132 872 3206 qualescunque
889 3138 978 3189 tamen
995 3142 1089 3187 conso-

305 3227 418 3283 lationes
433 3237 495 3283 suut
512 3228 642 3282 virorum.
661 3225 763 3294 Quibus
784 3234 873 3280 autem
897 3233 1019 3295 prosunt,
1043 3231 1089 3279 aut

303 3318 338 3370 ad
352 3317 402 3371 boc
415 3325 537 3388 prosunt,
553 3324 580 3370 ut
596 3316 631 3370 sit
645 3316 722 3384 plena
737 3314 870 3379 remissio,
896 3321 941 3367 aut
964 3323 1039 3367 certe
1059 3326 1089 3368 ut

1140 2218 1286 2290 AEgpptuut
1308 2221 1456 2291 presbyteri
1471 2222 1640 2290 cntrsignant,
1660 2222 1682 2277 si
1696 2223 1838 2294 episcopus
1854 2242 1924 2296 pue·

1140 2324 1202 2364 sens
1215 2327 1267 2365 nou
1283 2310 1327 2365 sit.
1342 2309 1394 2365 Sed
1414 2315 1478 2380 qnia
1500 2323 1640 2379 ceperunt
1654 2323 1798 2382 sequentes
1811 2317 1925 2387 presby-

1140 2401 1190 2455 teri
1213 2402 1313 2471 imligri
1340 2402 1373 2456 ed
1396 2402 1527 2472 primatus
1555 2406 1691 2468 tenendos,
1717 2407 1859 2463 immutata
1883 2421 1925 2466 est

1140 2483 1218 2554 ratio,
1236 2493 1414 2560 prospiciente
1435 2494 1548 2548 concilio
1566 2503 1595 2548 ut
1617 2512 1669 2550 nou
1687 2496 1763 2563 ordo,
1780 2500 1827 2554 sed
1842 2502 1925 2555 meri·

1141 2587 1205 2640 tum,
1221 2589 1325 2634 crearet
1336 2580 1502 2650 episcopum,
1523 2582 1664 2637 multorum
1688 2586 1857 2641 sacerdotum
1878 2589 1923 2658 ju-

1139 2667 1209 2721 dicio
1227 2669 1412 2735 coristitutum,
1428 2684 1461 2723 ue
1475 2671 1602 2741 indignus
1615 2684 1716 2728 temere
1729 2687 1881 2745 usurparet,
1896 2689 1924 2735 et

1139 2767 1210 2814 esset
1222 2760 1314 2816 utnltis
1326 2761 1492 2818 scandalum.
1508 2762 1584 2829 Quod
1598 2774 1687 2818 autem
1703 2781 1785 2820 unum
1798 2768 1834 2822 sit
1846 2767 1924 2823 Cirri-

1139 2852 1173 2905 sti
1192 2851 1335 2922 baptisma,
1354 2862 1383 2907 ct
1401 2853 1463 2909 licet
1474 2871 1489 2909 a
1502 2855 1615 2909 dirersis
1628 2855 1795 2912 mitristretur
1809 2875 1861 2914 umr
1877 2861 1924 2916 de-

1139 2944 1201 2998 beat
1210 2944 1302 2999 iterari
1316 2945 1357 3000 vel
1371 2946 1480 3009 mutari,
1490 2961 1595 3006 sacrum
1607 2947 1779 3023 Evangeliutn
1794 2953 1921 3020 ostctubt.

1139 3033 1184 3088 ubi
1203 3033 1282 3088 rerba
1293 3033 1404 3090 loannis
1418 3035 1544 3111 Baptistae
1557 3044 1642 3112 posita
1655 3051 1718 3098 sunt
1731 3044 1768 3098 ita
1787 3013 1901 3101 dicer'ttis
1914 3066 1921 3101 ε

1141 3144 1151 3182 ι
1167 3125 1235 3198 Qrtia
1249 3127 1301 3188 viui
1313 3127 1442 3203 Spiritum
1457 3133 1663 3190 descendentem
1680 3139 1755 3206 quasi
1769 3137 1922 3195 columbam

1141 3242 1150 3274 t
1166 3223 1199 3278 de
1214 3224 1294 3288 coelo,
1307 3233 1334 3277 et
1352 3235 1504 3279 urauentem
1518 3240 1685 3295 supereum,
1708 3236 1734 3281 et
1751 3243 1800 3298 eqo
1815 3229 1921 3284 nescie-

1141 3331 1150 3364 t
1167 3312 1238 3367 batn.
1252 3313 1304 3367 Sed
1315 3313 1361 3382 qui
1374 3315 1445 3368 misit
1455 3331 1497 3370 mc
1511 3316 1648 3386 baptizare
1664 3317 1692 3371 iu
1707 3332 1786 3387 aqua,
1800 3318 1844 3373 ille
1857 3320 1924 3374 tuilri

304 3406 468 3462 tolerabilior
478 3405 524 3460 irat
535 3406 600 3476 ipsis
612 3406 758 3460 damnatio.
776 3425 784 3456 r
1141 3423 1150 3455 t
1166 3404 1253 3458 dixit:
1268 3403 1354 3475 Super
1363 3422 1442 3475 quem
1451 3407 1549 3463 videris
1564 3409 1692 3478 Spiritum
1705 3411 1924 3479 descendentem,

338 3499 383 3555 vt.
402 3499 440 3553 be
452 3497 498 3553 illo
511 3513 575 3552 vero
588 3498 634 3567 qui
646 3497 831 3568 presbyterum
850 3511 879 3551 sc
895 3510 954 3550 esse
969 3465 1123 3561 unxeut,C
1142 3511 1151 3543 t
1169 3500 1196 3547 et
1210 3503 1363 3549 manentem
1387 3510 1467 3565 super
1489 3512 1562 3563 eum,
1588 3498 1631 3552 bic
1645 3499 1745 3569 estqui
1764 3500 1883 3571 baptizat
1896 3502 1923 3555 iu

303 3604 364 3645 cum
379 3605 431 3644 non
444 3598 514 3644 esset
528 3589 676 3654 ordinatus,
689 3599 717 3643 ct
736 3588 861 3657 baptismi
881 3587 996 3642 cilicium
1010 3602 1099 3644 excr·.
1143 3600 1151 3631 t
1171 3579 1271 3649 Sitifim
1285 3590 1388 3636 διιιῑθ·
1402 3584 1435 3635 Et
1448 3599 1497 3652 ιιι
1512 3586 1575 3650 ridi,
1596 3595 1623 3640 01
1636 3589 1817 3643 ²³⁸¹l¹¹¹0¹¹l¹¹¹¹¹
1831 3591 1922 3659 periri-

303 3680 371 3744 cuit,
387 3679 577 3748 requirendum
593 3687 636 3733 ιιι
645 3688 735 3732 utrum
749 3679 806 3748 ipse
820 3678 961 3746 baptizans
970 3678 1089 3745 baptiza·
1142 3689 1152 3722 t
1168 3671 1212 3726 bui
1227 3672 1288 3741 quia
1301 3673 1345 3727 bie
1358 3681 1400 3727 est
1414 3673 1497 3728 Filius
1511 3676 1556 3730 ilci
1570 3675 1660 3747 (donat.
1681 3680 1712 3749 t).
1732 3698 1741 3729 r
1759 3679 1844 3746 Quam
1866 3698 1926 3737 seu-

304 3778 348 3824 tus
360 3777 439 3831 essct,
453 3777 480 3824 et
493 3779 582 3822 utrum
602 3769 629 3821 in
643 3768 753 3823 nouriuc
775 3776 876 3822 satrctm
888 3767 1028 3822 Trinitatis
1040 3767 1090 3822 sub
1139 3765 1252 3819 tentiam
1277 3766 1371 3821 beatus
1396 3767 1562 3835 Augustinus
1587 3769 1623 3822 ita
1648 3773 1820 3841 cupos'uitzr
1855 3775 1924 3839 Quid

304 3859 375 3914 trina
395 3860 528 3915 mersione
552 3859 739 3928 baptizaverit.
755 3858 831 3925 Quod
850 3859 871 3912 si
895 3858 931 3912 ita
945 3866 1014 3924 crat,
1037 3873 1089 3912 nou
1138 3870 1203 3926 ergo
1217 3871 1265 3925 per
1279 3857 1438 3912 columbam¹
1451 3859 1542 3914 didicit
1555 3858 1683 3927 loannes,
1709 3863 1759 3917 uisi
1779 3866 1924 3934 quamdam

303 3958 345 4002 est
358 3950 455 4004 iterum
475 3948 662 4019 baptizandus,
678 3947 724 4003 sed
744 3964 793 4018 per
808 3940 1006 4016 impositionem
1030 3964 1090 4003 ma·
1140 3945 1330 4014 proprietatem
1347 3946 1372 4000 iu
1393 3945 1501 4002 Clrristo
1513 3949 1648 4002 futuram?
1662 3958 1691 4002 ut
1704 3952 1826 4018 quamvis
1847 3953 1925 4009 multi

304 4058 355 4096 nus
379 4040 539 4112 episcopalis
564 4050 591 4096 et
615 4041 767 4095 unctieuem
789 4039 859 4094 sacri
888 4040 1042 4095 chrismatis
1062 4041 1090 4095 id
1118 4034 1122 4043 ’
1141 4038 1256 4092 ministri
1272 4039 1431 4108 baptizaturi
1449 4048 1549 4104 esseut,
1575 4041 1631 4094 sire
1649 4040 1714 4108 justi
1737 4043 1793 4097 sive
1819 4044 1922 4112 injusti,

304 4131 374 4200 quod
400 4129 558 4184 factumest
580 4129 804 4185 confirmandum.
822 4129 889 4196 Quia
912 4130 983 4198 quod
1007 4129 1090 4184 semel
1140 4144 1193 4182 uon
1209 4130 1371 4184 tribueretur
1394 4132 1523 4185 sauctitas
1547 4130 1682 4199 baptismi,
1709 4131 1758 4184 uisi
1785 4132 1820 4187 illi
1843 4148 1925 4203 super

304 4230 345 4276 cst
362 4223 389 4276 in
412 4229 581 4276 sacramento
603 4220 772 4290 baptismatis
795 4219 930 4285 ellectum,
954 4219 1089 4274 nonlicet
1139 4234 1218 4289 quem
1233 4220 1369 4275 descendit
1392 4219 1524 4275 columba.
1542 4221 1579 4275 lle
1592 4235 1646 4291 quo
1668 4222 1789 4277 dictum:
1812 4221 1861 4279 llic
1883 4233 1925 4278 est

304 4312 408 4375 iterari,
420 4312 546 4382 quoniam
556 4321 673 4366 uuuscst
685 4310 825 4375 bamimrs,
840 4326 893 4364 traa
909 4311 986 4376 lldcs,
1003 4327 1088 4365 unum
1140 4308 1185 4376 qui
1208 4308 1326 4377 baptizat
1341 4309 1367 4362 in
1382 4308 1484 4379 Spiritu
1498 4319 1601 4364 sancto.
1618 4310 1714 4366 Petrus
1736 4312 1864 4382 baptizet,
1879 4313 1924 4368 lrie

303 4400 443 4471 baptisma.
466 4399 592 4454 Attamen
608 4399 652 4454 ille
673 4400 719 4469 qui
743 4409 957 4469 praesumptuose
972 4400 1036 4471 egit,
1061 4408 1089 4455 et
1140 4397 1239 4466 estqui
1255 4399 1373 4466 baptizat
1393 4417 1399 4451 :
1428 4398 1527 4455 Paulus
1549 4399 1677 4470 baptizet,
1692 4401 1735 4457 lric
1749 4403 1851 4472 estqui
1876 4405 1924 4458 ba·

305 4504 356 4543 riou
374 4504 422 4558 pro
438 4489 599 4543 necessitate
618 4489 716 4557 aliqua,
733 4489 863 4543 canonica
886 4488 1028 4560 disciplina
1047 4498 1090 4546 est
1139 4488 1242 4559 ptizat:
1259 4488 1342 4543 ludas
1356 4489 1539 4559 liaptizet,lric
1554 4493 1654 4562 estqui
1669 4493 1797 4564 baptizat²
1817 4493 1885 4549 llam
1900 4495 1926 4550 si

303 4577 477 4632 coercendus.
493 4578 586 4647 igitur,
612 4587 641 4632 ut
660 4587 754 4633 beatus
781 4573 937 4633 Ambrosius
965 4587 1087 4644 testatur,
1139 4593 1189 4649 pro
1200 4578 1354 4634 diuersitate
1366 4581 1522 4634 meritorum
1543 4582 1691 4651 baptismus
1707 4590 1787 4648 esset,
1803 4585 1865 4652 quia
1881 4585 1922 4639 di-

304 4677 443 4735 postquam
455 4667 579 4721 omnibus
592 4666 789 4722 locisecclesite
803 4676 865 4720 suut
885 4667 1047 4730 constitute,
1061 4676 1089 4722 et
1140 4681 1215 4721 versa
1238 4677 1300 4722 sunt
1314 4669 1419 4734 merita,
1439 4669 1543 4723 diversa
1565 4678 1657 4737 cssept
1678 4671 1848 4740 baptismata.
1869 4672 1923 4728 Sed

303 4753 389 4811 officit
404 4756 537 4820 οιιιιιιι,
552 4755 630 4811 aliter
642 4755 790 4826 composita
807 4770 849 4810 res
863 4764 904 4809 est
932 4770 1013 4824 quam
1032 4770 1087 4811 coe·
1140 4779 1222 4818 unum
1236 4773 1278 4818 ιιι
1295 4763 1438 4832 baptisma,
1453 4771 1481 4817 et
1495 4763 1568 4817 solus
1590 4771 1632 4817 est
1648 4762 1783 4830 Christus,
1806 4769 1852 4835 qui
1875 4780 1925 4836 per

303 4855 389 4918 perat.
405 4845 524 4899 Pritnun
543 4846 615 4900 euim
630 4846 918 4911 perreuerentes
935 4848 1088 4902 ornnrslta·
1140 4854 1259 4908 diversos
1282 4854 1420 4908 rututsuos
1441 4867 1502 4907 suos
1517 4851 1677 4922 baptismate
1698 4854 1816 4923 baptizat
1836 4855 1864 4910 tn
1879 4851 1925 4910 ιιέ

303 4935 455 5005 Ιιῑιῑιιιιι,
492 4935 693 5006 (ιιιιιὸθιιιιιθ
724 4937 817 4991 diebus
850 4937 892 4991 vel
924 4937 1089 5007 temporibus
1140 4945 1293 5000 missionem
1308 4944 1634 5012 omniumpeceaturum.›
1651 4941 1792 4999 ltleosacri
1807 4959 1947 5001 canones·

303 5025 398 5080 luisset
410 5026 526 5082 occasio.
541 5026 596 5081 Nec
606 5027 676 5081 enim
689 5025 827 5096 Plrilippus
838 5034 942 5096 ternpus
956 5028 1088 5096 quaesivit,
1139 5035 1297 5105 praecipiunt
1311 5044 1339 5089 ut
1353 5035 1397 5104 qui
1411 5035 1445 5089 ab
1465 5034 1600 5089 hereticis
1623 5034 1750 5104 baptizati
1771 5045 1844 5097 sunt,
1869 5054 1923 5093 non

304 5126 349 5169 :tut
363 5117 432 5170 diem
447 5132 500 5186 quo
514 5117 667 5172 eunuchum
679 5118 839 5188 baptizaret,
853 5135 940 5189 neque
956 5118 1088 5188 jejunium
1141 5125 1350 5194 rebaptizentur,
1375 5124 1422 5178 sed
1446 5139 1494 5192 pcr
1519 5125 1718 5193 impositionem
1745 5142 1841 5184 manus
1867 5132 1925 5184 sola

303 5205 474 5274 interposuit·
491 5205 582 5275 Neque
605 5205 705 5261 Paulus
725 5215 753 5261 el
767 5209 775 5227 ⁶
790 5215 893 5277 tempus
916 5209 1088 5277 distulerunt,
1141 5216 1227 5272 sancti
1238 5217 1353 5287 Spiritus
1365 5216 1542 5279 inuocatione,
1554 5230 1633 5285 quem
1645 5218 1679 5272 ab
1689 5219 1823 5275 ltaereticis
1844 5237 1924 5276 tremo

303 5311 357 5366 quo
378 5299 514 5367 optionem
533 5298 650 5353 carceris
664 5313 726 5352 euru
748 5296 807 5365 ejus
820 5300 945 5354 omuibus
967 5301 1089 5372 baptiza·
1115 5339 1119 5344 -
1141 5305 1427 5376 accipit‚acathollcis
1441 5306 1624 5362 sacerdotibus
1645 5307 1771 5365 Ecclesiae
1793 5312 1924 5366 securita-

304 5394 374 5440 rent.
386 5385 477 5456 Neque
491 5387 586 5442 Petrus
600 5386 712 5443 elericos
726 5387 828 5452 habuit,
847 5396 893 5441 aut
905 5388 976 5444 diem
992 5391 1089 5460 quaesi·
1141 5408 1195 5454 tem
1206 5407 1412 5468 missoquantnr.

304 5477 340 5529 vit
354 5477 461 5544 ‹matrdo
475 5474 629 5531 Cornelium
652 5492 713 5530 cum
731 5476 804 5530 omni
817 5475 897 5531 demo
910 5494 958 5533 sua
972 5480 1091 5550 baptiza·
1176 5488 1230 5543 ιιι.
1242 5486 1281 5542 lle
1290 5487 1342 5542 illis
1355 5503 1419 5542 vcro
1428 5488 1473 5556 qui
1484 5488 1510 5541 iu
1522 5486 1731 5558 Quadragesima
1744 5498 1806 5544 ante
1818 5491 1922 5547 Pasclra

304 5564 354 5629 ιιῑι
373 5578 421 5617 ¹¹⁰0
434 5565 499 5634 59⁵⁰·
523 5565 569 5620 ὅθι
580 5565 661 5635 ιιθῦιῑ
673 5565 810 5644 ,fratribus
832 5570 953 5638 quicum
966 5587 999 5626 ιθ
1011 5579 1090 5627 crant
1141 5594 1250 5636 earnem
1261 5579 1434 5644 manducant,
1448 5579 1488 5633 vel
1500 5578 1683 5649 juramentum
1700 5581 1726 5634 in
1740 5582 1817 5636 altari
1836 5584 1877 5636 rel
1897 5586 1923 5638 iu

305 5654 375 5723 apud
389 5653 541 5709 Cornelium
558 5654 586 5709 ln
605 5655 699 5724 ioppe.
721 5656 815 5712 Adhuc
834 5659 905 5713 culm
927 5671 1025 5728 praeter
1044 5679 1088 5718 se·
1143 5668 1426 5738 sauctorumrcliquiis
1437 5668 1548 5736 faciunt,
1562 5669 1732 5724 martilestum
1744 5672 1866 5740 estquod
1882 5676 1923 5728 iu-

304 5757 376 5815 ptem
389 5747 516 5802 diaconos
527 5748 614 5803 nullus
628 5748 714 5802 lucrat
731 5750 881 5806 ordinatus.
903 5752 938 5808 Ut
952 5770 1017 5824 ergo
1029 5770 1088 5811 cre·
1139 5758 1212 5827 juste
1224 5765 1317 5827 agunt,
1327 5756 1389 5826 quia
1400 5758 1497 5812 diuinis
1511 5759 1643 5813 mandatis
1654 5761 1781 5813 contrarii
1795 5761 1924 5817 existunt.

305 5844 395 5890 sceret
406 5836 480 5905 plebs
495 5846 522 5891 et
540 5837 771 5909 multiplicaretur,
794 5844 918 5897 omnibus
933 5858 1090 5900 cnrrcessunt
1144 5845 1220 5900 Unde
1240 5854 1265 5899 et
1285 5861 1333 5914 per
1359 5845 1454 5899 isaiam
1480 5847 1607 5900 ιιιιιιὶιιιιι
1630 5862 1771 5915 pravorum
1792 5849 1924 5918 jejunium

304 5934 385 5980 estet
400 5927 594 5997 evangelizare,
614 5939 642 5983 ιι
663 5928 811 6000 baptizare,
826 5941 852 5986 ct
872 5932 1037 6003 Scripturarn
1062 5936 1089 5989 iu
1143 5938 1254 6005 speruit,
1270 5938 1307 5991 ita
1322 5938 1437 5993 diceus:
1458 5958 1466 5989 t
1486 5939 1554 5993 Ecce
1574 5940 1599 5992 in
1621 5940 1664 5992 die
1679 5939 1774 6011 jejunii
1789 5945 1871 5999 vestri
1885 5946 1926 5999 in-

304 6018 418 6072 ecelcsia
435 6017 591 6086 explanare.
612 6017 646 6071 ,tt
661 6020 705 6073 ubi
719 6021 809 6076 auraria
829 6022 886 6078 loca
908 6024 1089 6092 circumplexa
1146 6045 1156 6079 ι
1179 6027 1412 6084 retriturvuluutas
1422 6037 1523 6096 vestra,
1534 6039 1561 6084 ιι
1572 6046 1666 6084 orrtncs
1677 6031 1812 6088 debitores
1821 6050 1925 6093 vestrm

503 6111 639 6174 Parent.
657 6111 724 6173 CX.
1632 6121 1670 6184 33
