4500 6842
317 740 326 793 l
337 737 384 793 ibii
940 739 983 795 iiii
1001 738 1140 795 brettis
1157 738 1318 797 attltttt's.
1880 740 1948 803 titt

314 850 381 905 locis
392 850 457 914 suis,
469 856 498 903 ut
508 849 542 905 de
554 850 637 905 rebtts
651 849 677 904 in
695 849 793 919 quibus
805 849 973 916 colebantur,
988 850 1034 904 ltat
1058 864 1104 904 vo·
1118 857 1142 913 Α
1156 850 1224 905 adeo
1246 848 1370 919 desipiat,
1383 858 1412 903 ut
1435 865 1488 905 nou
1508 863 1569 906 cottt
1593 853 1683 924 potius
1703 852 1845 908 colendum
1858 852 1949 925 eliger,

315 943 405 996 luntas
414 940 472 1005 liei,
485 940 530 1011 qui
543 941 596 994 boc
611 948 686 996 tauto
709 950 773 995 ante
786 955 835 1011 per
848 955 942 995 omnes
957 948 1051 1009 gentes
1064 938 1106 992 lu·
1157 954 1237 1008 qoem
1250 940 1300 994 coli
1315 955 1368 994 non
1384 940 1529 1009 probibent
1539 957 1608 1012 quos
1621 941 1743 997 colebat?
1764 958 1843 1013 quem
1857 945 1952 1014 proeni

315 1044 406 1088 turum
427 1046 487 1087 esse
508 1031 633 1102 praedixit
649 1041 700 1086 :et
718 1039 747 1086 ut
769 1047 818 1101 per
830 1046 893 1086 suos
914 1030 1005 1084 fideles
1019 1030 1105 1093 lieret,
1157 1030 1238 1083 dubio
1252 1044 1313 1083 eunt
1327 1028 1416 1084 coiere
1429 1033 1552 1100 caeperit,
1562 1030 1621 1087 ilios
1631 1033 1724 1101 ntique
1738 1048 1792 1091 uon
1806 1043 1849 1088 cst
1864 1035 1950 1090 cultu-

315 1125 467 1195 intperavit.
495 1123 550 1179 Gur
574 1132 664 1178 autem
691 1124 742 1178 ltoc
764 1137 818 1177 nott
840 1122 975 1177 sineretur
1002 1121 1105 1174 dtettton
1157 1134 1213 1185 rtts,
1236 1135 1304 1189 quos
1329 1121 1455 1189 probibet
1473 1122 1523 1176 coli
1547 1137 1626 1192 qttetn
1652 1123 1725 1179 colit.
1751 1124 1828 1190 Quod
1858 1134 1950 1180 autem

315 1216 472 1287 perdicere,
497 1229 559 1268 cttm
587 1214 639 1269 sibi
659 1213 716 1283 jam
742 1220 923 1283 praenosceret
947 1211 1107 1266 immineret
1157 1211 1351 1282 ipsumessent
1366 1211 1479 1267 culturae
1495 1223 1589 1285 gentes
1607 1215 1794 1270 exterminatis
1810 1216 1862 1271 diis
1875 1216 1950 1271 ialsis

315 1323 377 1362 eum
402 1306 461 1360 baec
483 1304 622 1374 praedictio
646 1312 674 1359 et
695 1304 722 1358 iu
737 1303 875 1374 prophetis
890 1310 1106 1368 attestaretur,a
1157 1314 1225 1371 quos
1238 1310 1318 1356 antea
1340 1301 1483 1369 colebant,
1506 1318 1521 1358 a
1544 1306 1682 1374 propltetis
1704 1305 1762 1374 ejus
1780 1309 1949 1377 essepraedi-

315 1399 487 1467 quibussunt
502 1394 729 1465 ista‘conseripta,
744 1404 771 1450 et
792 1394 968 1465 prudentibus
982 1393 1107 1449 daretin·
1156 1401 1240 1460 etum,
1256 1393 1336 1465 paulo
1365 1403 1429 1449 aute
1451 1397 1681 1462 commemoravi,
1705 1405 1734 1451 et
1750 1414 1822 1454 ttuue
1845 1410 1947 1469 repeto.

316 1487 408 1559 telligi,
421 1502 501 1555 quant
516 1485 659 1557 vigilanter
670 1494 742 1541 estet
756 1486 907 1541 daemonum
923 1484 1042 1539 cavenda
1061 1483 1107 1538 lai·
1160 1482 1476 1554 «venientemque,
1501 1484 1631 1540 Dominus
1655 1487 1786 1542 adversus
1811 1503 1890 1543 eos:
1923 1497 1950 1542 et

315 1582 393 1646 laeia,
418 1580 560 1649 cultusque
581 1580 724 1651 fugiendus
737 1597 744 1634 :
759 1579 805 1651 qul
823 1594 883 1634 cum
906 1587 969 1634 aute
990 1594 1039 1649 per
1051 1589 1106 1633 tam
1160 1590 1169 1622 t
1191 1574 1383 1628 exterminabit
1402 1588 1498 1628 ornnes
1518 1574 1583 1629 deos
1605 1576 1725 1647 gentium
1741 1586 1841 1631 terre:
1860 1587 1888 1632 et
1903 1582 1950 1631 ad-

314 1673 423 1744 iungum
435 1681 541 1743 tempus
552 1672 578 1725 in
591 1672 698 1741 templis
708 1670 766 1727 suit
777 1671 835 1726 haee
846 1669 935 1725 lutura
949 1671 1106 1737 tacuissent,
1159 1681 1170 1713 1
1190 1662 1306 1718 0111111111
1319 1680 1393 1731 1111111,
1408 1666 1593 1736 unusquisque
1606 1667 1780 1732 1111010811),
1800 1685 1896 1725 omncs
1910 1671 1949 1725 ite

315 1780 376 1834 qne
390 1777 438 1833 per
460 1762 607 1832 propbetas
628 1760 755 1831 predicta
773 1760 897 1830 ignorare
918 1774 972 1815 nort
986 1768 1106 1829 possent,
1159 1774 1170 1806 a
1193 1755 1258 1811 sulae
1288 1759 1418 1827 gentium.
1446 1778 1456 1811 t
1479 1758 1572 1828 Neque
1597 1760 1669 1815 enirn
1697 1760 1761 1816 soie
1788 1762 1884 1816 insube
1905 1763 1949 1817 bie

315 1863 408 1923 postea
422 1868 503 1924 quam
518 1852 733 1921 appropinquare
745 1857 898 1919 ceperunt,
922 1849 1107 1905 roiueruntea
1157 1846 1336 1917 intelligendae
1357 1857 1429 1914 suut,
1446 1848 1493 1903 sed
1521 1850 1611 1918 potius
1638 1864 1732 1905 omnes
1757 1860 1851 1921 gentes
1864 1852 1890 1905 in
1907 1853 1949 1906 lais

316 1943 393 2011 qnasi
407 1942 565 2012 praedicare,
579 1956 613 1994 ne
624 1940 711 2010 ignari
723 1940 841 2009 victique
853 1947 1021 2009 putarentur.
1038 1937 1106 1994 Cum
1156 1937 1251 2007 positae
1266 1939 1379 1993 adorant
1395 1940 1490 1994 Deum.
1509 1939 1564 1995 Nee
1585 1941 1683 1995 mirum
1695 1956 1704 1995 r
1718 1942 1826 2012 quaudo
1838 1943 1947 2013 qtntlctn

317 2033 398 2100 igitur
418 2041 472 2085 tarn
487 2030 566 2100 longe
586 2037 650 2083 aute
667 2029 825 2099 praedictum
838 2037 919 2094 esset,
934 2037 1015 2099 atque
1039 2044 1106 2084 eon·
1157 2028 1221 2083 alibi
1238 2044 1290 2084 nou
1319 2028 1421 2085 instrlas
1446 2031 1578 2094 nominat,
1599 2032 1646 2086 sed
1672 2032 1828 2087 universum
1854 2033 1947 2088 orlaau

316 2122 457 2191 seriptum,
472 2129 501 2175 ut
512 2120 564 2174 alia
579 2120 688 2175 interim
704 2127 820 2183 taceam,
836 2119 899 2173 iliud
913 2118 984 2188 quod
1000 2117 1105 2189 Sopito-
1158 2127 1302 2186 terrarum,
1316 2120 1410 2175 dicens
1427 2138 1433 2175 :
1455 2139 1464 2170 t
1478 2121 1779 2190 Cotumemorubuntnr,
1792 2134 1821 2180 et
1833 2141 1948 2181 coutet·-

317 2214 375 2267 nias
387 2214 518 2283 propbeta
535 2212 600 2266 dicit
613 2226 645 2264 :a
660 2209 818 2266 Praevalebit
830 2211 960 2266 Dominus
973 2211 1103 2267 adsersus
1116 2208 1141 2269 B
1156 2226 1166 2258 t
1186 2217 1277 2263 teutur
1290 2210 1323 2264 ad
1333 2210 1476 2264 Dominum
1490 2210 1609 2265 universi
1622 2211 1690 2268 fines
1706 2222 1796 2278 tet-rat,
1809 2223 1837 2269 et
1850 2215 1947 2269 adora-

318 2326 327 2355 «
346 2320 402 2370 eos,
415 2312 443 2358 et
460 2302 651 2358 exterminabit
674 2316 768 2356 omues
785 2303 849 2356 deos
870 2301 990 2371 gentium
1004 2312 1101 2357 terrae:
1159 2316 1169 2348 t
1191 2299 1257 2353 bunt
1269 2300 1296 2352 iu
1310 2307 1454 2370 conspectu
1469 2298 1529 2367 ejus
1552 2300 1684 2356 universae
1705 2302 1800 2371 patriae
1814 2304 1945 2374 gentium.

317 2415 328 2446 a
346 2394 531 2450 etadorabunt
541 2407 614 2457 eum,
626 2391 812 2462 unusquisque
826 2393 858 2447 de
869 2392 929 2447 loco
940 2407 998 2455 stro,
1009 2408 1105 2449 omncs
1158 2410 1168 2443 t
1187 2391 1319 2459 Quoniam
1335 2390 1441 2445 liomlui
1455 2400 1637 2462 astragum,
1650 2399 1678 2446 et
1691 2393 1748 2462 ipse
1763 2394 1948 2450 dominabitur

318 2504 328 2535 a
347 2484 440 2539 insulae
452 2484 570 2555 gentium
581 2481 746 2554 (statuant
763 2490 809 2537 aut
822 2496 875 2537 non
889 2482 1036 2536 credebaut
1053 2482 1104 2537 ista
1157 2506 1167 2538 t
1187 2486 1306 2558 gentiunt
1322 2484 1410 2557 (Psoi,
1425 2484 1493 2555 xxti.
1517 2504 1527 2539 t
1547 2485 1612 2541 liaec
1629 2489 1720 2541 rotem
1743 2500 1792 2557 per
1805 2486 1944 2542 Cbristutn

315 2577 366 2632 sibi
392 2584 531 2641 evetttura,
554 2574 600 2645 qul
622 2574 648 2628 in
667 2573 773 2643 templis
793 2574 913 2643 gentium
935 2572 1103 2641 colebantur,
1155 2574 1238 2631 lavisse
1258 2574 1432 2645 complenda,
1448 2583 1479 2630 et
1498 2574 1558 2632 aliis
1577 2573 1703 2645 pluribus
1727 2578 1901 2642 testimoniis,
1918 2585 1946 2632 et

314 2676 342 2722 et
361 2668 418 2722 ltaae
432 2666 492 2721 ideo
513 2680 562 2735 per
584 2678 648 2719 suos
672 2672 748 2718 vates
769 2663 803 2718 ad
824 2662 957 2718 latratioos
979 2661 1105 2733 irequen·
1155 2665 1182 2719 in
1201 2666 1296 2719 eodem
1312 2665 1370 2734 ipso
1395 2664 1517 2735 psalmo,
1541 2666 1612 2720 unde
1635 2666 1863 2731 commemoravi,
1878 2666 1946 2721 satis

317 2769 374 2811 tare
387 2757 531 2810 noluerunt
544 2773 551 2806 :
565 2763 619 2840 aut
631 2768 691 2808 cutn
710 2767 742 2807 cn
764 2760 876 2806 ventura
891 2752 1040 2806 certissime
1055 2752 1105 2806 sci·
1154 2765 1276 2826 apparet.
1289 2755 1357 2811 Cum
1372 2756 1444 2811 enim
1459 2756 1540 2825 paulo
1565 2754 1822 2825 superiusluturam
1840 2760 1946 2827 passio·

314 2856 386 2911 tent,
401 2848 461 2902 ideo
472 2861 521 2915 per
534 2860 582 2899 sua
596 2843 695 2912 templa
709 2851 862 2908 tacuerunt,
873 2857 908 2897 ne
919 2841 976 2911 jana
990 2850 1052 2897 tuuc
1064 2842 1105 2896 iu·
1152 2858 1217 2899 nem
1231 2858 1308 2900 suam
1321 2860 1372 2915 por
1391 2846 1549 2916 prophetam
1567 2845 1625 2914 lpse
1648 2844 1804 2915 loquetetur
1827 2845 1942 2903 dicens:

315 2942 436 3006 c'perent
450 2937 483 2990 ab
504 2935 658 2990 horninibus
677 2932 889 3003 intelligentibus
911 2932 1000 2986 deseri
1022 2941 1105 3001 atque
1158 2953 1167 2986 t
1188 2934 1325 2991 Foderunt
1349 2951 1445 2990 manos
1465 2946 1541 2991 meas
1553 2945 1579 2990 et
1597 2936 1679 3005 pedes
1692 2950 1778 3001 meos,
1791 2936 1946 2991 dinumera·

315 3028 461 3090 contemni,
477 3024 548 3094 quoti
563 3022 596 3077 de
609 3022 770 3092 templorum
783 3031 811 3075 ct
822 3020 1027 3075 simulacrorum
1042 3036 1104 3076 suo-
1157 3047 1167 3080 t
1190 3025 1387 3081 veruntontnia
1400 3039 1461 3079 ossa
1474 3036 1542 3079 mea.
1559 3026 1611 3095 lpsi
1626 3040 1691 3081 veto
1701 3025 1944 3080 consideraverunt

315 3133 373 3171 rant
390 3115 479 3169 lutura
496 3112 635 3168 eversione
653 3112 694 3166 eis
710 3126 725 3165 a
744 3110 882 3181 prophetis
900 3119 1103 3179 attestarentur,
1157 3136 1167 3169 a
1189 3125 1216 3172 et
1237 3122 1436 3184 conspexerunt
1456 3129 1521 3169 nte:
1544 3115 1694 3170 diviserunt
1712 3114 1762 3170 sibi
1785 3115 1945 3172 vestiotenta

313 3208 359 3278 qni
381 3221 428 3261 eos
444 3204 495 3261 coli
518 3203 709 3275 prohibebant.
733 3202 809 3257 Nunc
824 3218 888 3258 nero
913 3211 1103 3274 posteaquam
1157 3224 1260 3274 «ntea,
1281 3218 1309 3261 et
1332 3222 1414 3276 snper
1435 3215 1538 3260 restent
1567 3222 1654 3260 meam
1683 3206 1815 3260 miserunt
1841 3215 1942 3261 sortem

314 3310 419 3370 tempas
432 3298 550 3362 advenit,
566 3310 620 3365 quo
634 3295 835 3364 complerentur
847 3294 974 3348 vaticinia
988 3296 1104 3364 propbe-
1153 3298 1262 3371 (leid),
1294 3315 1304 3347 t
1333 3297 1414 3365 paulo
1445 3303 1507 3366 post
1531 3293 1614 3350 inlcrt
1638 3295 1721 3361 iilud,
1744 3297 1816 3365 quod
1844 3296 1944 3367 posui:

315 3400 401 3444 etrum
415 3388 461 3441 liei
477 3386 566 3450 unius,
581 3386 625 3455 qui
647 3386 713 3440 istos
727 3384 808 3440 ialsos
822 3386 887 3440 ticos
909 3386 1061 3450 interdicit,
1076 3392 1103 3440 ct
1157 3406 1166 3439 t
1189 3387 1489 3450 Contutetnorabuutur‚
1503 3393 1531 3439 et
1544 3392 1736 3441 convertentur
1749 3388 1784 3441 ad
1801 3385 1945 3441 betorinum

312 3493 348 3534 uc
368 3478 491 3533 colantur
511 3476 748 3532 vehementissime
765 3476 899 3546 praecipit,
913 3490 962 3530 cur
982 3492 1036 3530 non
1052 3478 1103 3531 boc
1153 3482 1271 3537 rutinensi
1287 3482 1355 3534 lines
1372 3488 1462 3542 terre,
1486 3486 1569 3532 tete.
1584 3478 1744 3547 Quanquam
1767 3489 1795 3533 et
1817 3477 1882 3534 iilud
1906 3486 1945 3534 te-

312 3570 394 3624 etiatn
407 3567 457 3637 ipsi
472 3573 639 3636 compertum
654 3565 801 3635 praedicere
820 3566 986 3629 sinerentur,
999 3571 1027 3617 ut
1042 3552 1138 3618 tndeC
1154 3570 1311 3626 ntinrnniann
1321 3568 1392 3637 quod
1403 3568 1478 3637 prius
1488 3566 1652 3621 adbibuiubi
1664 3568 1765 3621 dictum
1778 3577 1831 3631 est,
1847 3587 1856 3619 ι
1872 3569 1946 3624 Ρηο-

311 3659 412 3714 clarius
431 3664 574 3727 appareret
594 3667 642 3710 eos
654 3655 711 3709 itare
730 3662 809 3708 autea
823 3654 865 3708 nel
888 3654 999 3708 minime
1013 3652 1101 3707 credil-
1153 3660 1253 3716 valebit
1277 3659 1406 3713 Dominus
1420 3658 1550 3712 adversus
1561 3670 1619 3721 ως,
1634 3663 1662 3711 er
1675 3656 1868 3712 (ruminabit
1881 3672 1943 3711 out-

311 3750 393 3811 disse,
405 3747 446 3802 vel
460 3747 515 3801 suis
529 3746 678 3801 cultoribus
693 3747 835 3800 enuntiare
849 3746 987 3801 timuisse?
1008 3745 1036 3799 ln
1051 3744 1103 3800 lnte
1153 3767 1202 3808 nes
1213 3752 1278 3808 deos
1291 3750 1410 3822 gentium
1436 3767 1445 3801 t
1462 3758 1551 3811 terrae,
1568 3748 1594 3801 itt
1608 3762 1641 3802 co
1661 3747 1734 3818 quod
1758 3747 1877 3817 positum
1890 3756 1943 3811 est,

311 3847 401 3891 aunem
427 3845 554 3906 tanquam
569 3835 635 3890 rtiltil
659 3835 774 3905 amplius
797 3836 927 3891 babentes
947 3835 1017 3906 quod
1037 3849 1101 3905 age·
1156 3841 1364 3913 «praevalebat
1381 3839 1448 3895 satis
1458 3838 1610 3895 ostenditur
1620 3839 1702 3893 etiam
1717 3840 1768 3894 ltoe
1779 3838 1945 3908 praetuuttia-

312 3940 381 3992 rent,
394 3930 475 3984 etiam
491 3930 526 3984 ibi
547 3928 664 3983 voluisse
681 3943 757 3982 suant
770 3935 906 3985 ostentare
919 3927 1101 3993 divinitatem,
1154 3942 1221 3996 tum,
1237 3932 1309 4001 quod
1325 3929 1424 4001 pagani
1442 3929 1517 3999 prius
1535 3927 1717 3999 oppugnaturi
1733 3936 1823 3983 essent
1852 3927 1945 3983 Eccle-

311 4021 356 4074 ttbi
368 4021 424 4090 jam
439 4020 590 4089 produntur
610 4018 654 4074 diu
677 4018 819 4074 simulasse
833 4018 1028 4074 divinationem
1042 4036 1048 4071 :
1061 4027 1101 4072 ta·
1153 4028 1242 4092 siam,
1268 4038 1420 4093 nomenque
1448 4021 1644 4087 christianum,
1659 4029 1789 4090 quantum
1812 4019 1940 4081 vaierent,

311 4127 372 4166 ratett
394 4126 443 4167 nce
457 4112 508 4166 ista
523 4113 579 4183 ipsa
593 4128 653 4181 quat
677 4112 711 4166 ab
730 4112 769 4167 eis
782 4112 827 4166 vix
848 4127 911 4166 raro
931 4120 959 4166 et
977 4109 1102 4166 clanculo
1153 4113 1339 4186 perrectum-i:
1354 4122 1384 4165 nt
1396 4111 1419 4165 si
1436 4109 1493 4165 lteri
1506 4118 1613 4180 posset,
1627 4109 1661 4163 de
1679 4116 1751 4163 terra
1765 4108 1875 4163 ontnino
1894 4108 1942 4163 de-

308 4200 493 4272 proleruntur,
506 4216 614 4256 tttovere
632 4217 682 4256 uos
695 4201 802 4265 debent,
817 4200 839 4255 sl
855 4201 981 4270 cuiquem
1002 4200 1101 4254 daento·
1152 4206 1263 4261 leretur.
1280 4203 1312 4257 Et
1323 4203 1387 4273 qnia
1400 4215 1448 4257 eos
1459 4199 1589 4270 patientia
1612 4206 1775 4267 martyrum,
1795 4207 1823 4253 et
1836 4198 1942 4267 magni.

312 4309 375 4347 tnutt
399 4300 522 4347 exortum
535 4301 576 4347 est
596 4291 623 4347 id
643 4292 757 4363 prodere
778 4276 927 4346 cultoribus
951 4290 1018 4352 suis,
1029 4289 1101 4359 quod
1153 4298 1246 4353 suntne
1261 4294 1463 4359 miraculorum,
1476 4300 1505 4348 et
1516 4298 1698 4362 consequente
1713 4291 1765 4347 lide
1779 4289 1941 4361 populorum

310 4383 443 4437 didicerat
458 4396 490 4435 et
512 4382 626 4451 eloquiis
648 4381 850 4451 prophetarum,
873 4378 915 4433 vel
930 4394 964 4434 ex
984 4378 1101 4432 oraculis
1151 4400 1210 4448 emp
1222 4398 1409 4461 superarum,
1424 4388 1495 4450 vdeo,
1510 4386 1581 4441 stent
1595 4386 1696 4441 dicrum
1710 4392 1772 4451 est,
1786 4382 1943 4454 prevalebis

308 4470 464 4542 angelorum
476 4490 483 4524 :
495 4471 565 4541 quod
578 4486 626 4525 cur
637 4485 689 4524 uon
706 4469 867 4533 devenerun
884 4476 913 4522 et
925 4468 979 4521 ista
994 4482 1047 4522 uon
1065 4466 1100 4520 sit
1151 4483 1281 4538 poqpnug
1298 4480 1496 4537 adversum,
1515 4476 1574 4533 pto„
1591 4477 1663 4533 enim
1682 4476 1829 4541 diceretur,
1846 4494 1855 4528 ι
1870 4490 1939 4545 pfae.

307 4561 481 4631 oppugnatio,
498 4560 543 4615 scd
556 4560 694 4615 attestatio
707 4557 847 4613 veritatlsl
863 4557 929 4613 iilud
941 4557 1013 4613 ettint
1028 4557 1099 4627 quoi
1149 4573 1250 4629 qqqeqjg
1261 4572 1392 4627 adversus
1407 4584 1466 4635 ως,
1483 4586 1493 4623 .
1514 4568 1565 4624 „qu
1579 4566 1758 4638 oppugnanda
1774 4564 1812 4618 illi
1831 4566 1941 4620 resiste-

307 4652 394 4706 solnta
415 4651 449 4706 ab
471 4652 536 4721 ipsis
561 4650 686 4705 fanaticis
708 4650 881 4721 lingitattduut
901 4660 958 4714 est,
981 4664 1032 4704 nce
1050 4665 1099 4703 un-
1150 4672 1201 4720 ,gg
1218 4662 1293 4719 Unde
1307 4662 1371 4718 epp,
1385 4661 1490 4732 psalmo
1510 4657 1750 4727 improperentur„
1779 4663 1820 4709 est
1847 4652 1934 4725 (leat.

271 4819 272 4823 Ἰ
307 4759 389 4812 egilani
407 4752 485 4797 anien
500 4742 677 4813 proiliiel'lltli,
693 4757 878 4812 necunquam
893 4748 1025 4811 pmeleli
1046 4740 1097 4795 triti
1150 4753 1201 4824 ῃ);
1221 4772 1231 4804 q
1250 4753 1285 4808 Ut
1302 4753 1366 4823 quiq}
1387 4752 1556 4805 fremuerunt
1577 4753 1721 4817 gemaene
1739 4745 1829 4815 populi
1855 4746 1939 4800 nterii.

308 4836 379 4892 stille
399 4834 556 4901 confictum,
577 4833 698 4904 1110113111*
718 4835 887 4888 0011111111ῑῦ1
907 4833 1008 4901 aliquid
1033 4833 1098 4887 (¹00³
1152 4844 1229 4899 stati
1242 4842 1421 4898 suntlnattiai
1433 4841 1582 4895 Astiterunt
1594 4851 1672 4906 reges
1693 4847 1783 4901 tetrae,
1795 4845 1821 4892 ct
1840 4837 1940 4907 priuci-

305 4947 371 4987 suos
387 4947 436 5002 per
447 4939 522 4986 vates
534 4946 600 4986 suos
611 4937 704 4984 contra
719 4928 802 4982 beuta
814 4925 897 4981 lsrael
912 4939 993 4980 ausos
1014 4924 1096 4980 luisse
1112 4896 1137 4958 D
1153 4954 1162 4987 t
1185 4950 1233 5005 pes
1247 4938 1430 5004 convenerunt
1441 4932 1468 4985 iu
1484 4944 1579 4993 uuum,
1595 4926 1725 4982 adversus
1743 4925 1899 4991 iiontintnn,
1912 4935 1940 4982 ct

305 5024 472 5099 ltiaetiiceiffi
487 5023 635 5077 1111111111
648 5022 680 5076 (11)
695 5018 817 5089 11100111
832 5016 982 5073 110111δὸ1111
1000 5030 1095 5070 1111111111
1152 5046 1162 5078 t
1185 5027 1314 5080 adversus
1327 5022 1465 5078 Gbristutn
1478 5019 1546 5089 ejus.
1566 5038 1577 5073 t
1594 5018 1628 5074 tt
1640 5017 1720 5088 paulo
1741 5026 1802 5089 post
1818 5018 1917 5075 dicitur
1932 5037 1939 5078 ι

305 5113 502 5183 1111011111
520 5112 609 5167 01111111
627 5111 673 5166 ilii
694 5110 784 5181 11111111
802 5119 927 5164 1111011611
939 5114 1094 5176 potuerunt,
1152 5139 1162 5171 t
1181 5116 1310 5172 Dominus
1321 5113 1390 5169 dixit
1399 5113 1433 5168 ad
1447 5126 1499 5179 me,
1511 5110 1596 5167 Filius
1609 5126 1686 5166 aucus
1698 5127 1728 5166 es
1738 5120 1783 5176 tu,
1797 5126 1847 5182 ego
1861 5111 1941 5168 ltodie

306 5204 393 5275 satagis
418 5203 599 5272 quaesiverunt
622 5202 684 5272 quis
706 5202 779 5257 oeus
796 5209 881 5265 earet,
906 5214 986 5270 qnam
1010 5199 1095 5253 beuta
1152 5210 1261 5282 «qaam
1289 5215 1324 5263 ιο.
1350 5205 1458 5262 Postula
1482 5219 1567 5268 aare,
1586 5210 1614 5260 et
1628 5204 1698 5259 dano
1713 5203 1870 5275 litigantes
1889 5204 1941 5258 aaa

305 5308 408 5364 negare
433 5300 587 5363 potuerunt.
613 5291 701 5347 Porro
727 5300 817 5347 autem
840 5292 910 5347 licus
936 5292 988 5346 iste
1015 5305 1095 5361 quem
1152 5322 1161 5353 a
1185 5300 1326 5355 reditatetu
1349 5303 1433 5359 tuam,
1448 5303 1476 5349 et
1494 5293 1693 5364 possessionem
1709 5301 1782 5349 taam
1810 5292 1939 5347 terminas

305 5385 396 5440 nulius
408 5397 502 5441 eorum
526 5398 625 5454 negare
646 5398 728 5438 rusus
741 5390 783 5438 est
804 5395 896 5437 verum
915 5382 1016 5446 ileum,
1031 5380 1094 5451 qttis

303 5484 332 5530 et
347 5476 371 5531 si
385 5483 508 5546 negaret,
528 5489 581 5530 uon
601 5473 687 5529 solum
710 5472 863 5543 subjaceret
883 5472 981 5528 debitis
994 5471 1093 5541 poenis,

306 5578 398 5620 terunt
422 5566 504 5621 etiam
520 5565 601 5642 certis
616 5565 822 5620 convinceretur
834 5562 946 5619 ellectis.
958 5561 1010 5617 iste
1029 5575 1094 5632 crgo

303 5658 466 5726 lteusquem
478 5671 567 5720 nemo,
583 5664 614 5711 ut
632 5655 698 5720 dixi,
710 5654 817 5710 illorum
828 5668 927 5726 negare
944 5667 1025 5707 ansus
1040 5658 1092 5715 est,

302 5763 399 5802 vetunt
419 5748 514 5814 ileum,
528 5748 588 5803 illos
609 5746 691 5803 laisos
711 5760 771 5801 esee
783 5746 859 5810 deos,
873 5751 901 5799 et
919 5742 1029 5799 outniuo
1047 5742 1094 5796 dc·

303 5841 599 5920 serendus,eorumque
606 5837 703 5909 templa
712 5846 739 5892 et
747 5836 892 5892 simulacra
900 5843 1012 5889 etsaera
1020 5847 1095 5888 erer-

304 5932 398 5995 tenda,
412 5946 460 6001 per
472 5946 535 5986 suos
547 5937 632 5995 vates,
642 5930 695 5985 boc
704 5935 757 5994 est,
771 5926 926 5999 propbetas,
939 5932 1031 5994 aperta
1047 5924 1094 5978 de-

304 6025 476 6082 nuntiatione
499 6023 623 6096 predixit
645 6030 761 6093 :aperta
787 6028 920 6091 potestate
942 6016 1091 6089 paecepit:

304 6124 400 6187 aperta
413 6116 527 6172 scritate
540 6114 692 6178 compens.
709 6112 796 6179 Unde,
811 6112 872 6181 quis
890 6109 992 6179 estqui
1008 6121 1094 6178 umato

1152 5412 1161 5443 r
1184 5400 1271 5446 terre.
1293 5386 1365 5442 tilis
1390 5394 1472 5455 atque
1493 5383 1645 5455 ltnjusntodl
1671 5382 1837 5454 propheticis
1860 5379 1938 5435 doen·

1148 5480 1246 5537 utentis
1260 5477 1419 5548 praedictunt
1433 5474 1586 5531 ostenditur
1596 5513 1603 5539 ‚
1614 5474 1686 5546 quod
1700 5474 1822 5528 videmus
1834 5470 1937 5541 itttpieri

1147 5587 1196 5641 per
1217 5568 1355 5625 Christum
1368 5566 1490 5621 itttttrum
1505 5564 1607 5632 luisse,
1619 5572 1649 5619 ut
1664 5563 1734 5618 Deus
1747 5561 1840 5627 israel,
1854 5576 1934 5631 quem

1147 5677 1229 5717 unum
1249 5674 1342 5715 tentat
1367 5658 1451 5713 licum
1474 5657 1658 5729 intelligimus,
1670 5669 1725 5709 non
1750 5654 1778 5711 in
1798 5669 1851 5708 una
1878 5652 1936 5723 ipsa

1147 5759 1236 5823 geute,
1250 5764 1310 5819 quae
1323 5748 1457 5820 appellata
1467 5755 1510 5803 est
1519 5746 1601 5804 israel
1611 5785 1619 5811 ,
1631 5744 1677 5800 sed
1688 5744 1715 5797 in
1730 5742 1856 5800 omnibus
1871 5756 1922 5813 geu
1936 5770 1938 5774 ·

1147 5843 1219 5897 tibus
1237 5839 1370 5895 coleretur
1384 5854 1393 5893 r
1408 5846 1436 5898 et
1452 5852 1547 5896 omues
1566 5834 1649 5891 salsos
1669 5834 1735 5890 deos
1756 5832 1875 5905 gentium
1889 5870 1897 5897 ,
1911 5838 1938 5884 et

1148 5945 1164 5986 a
1182 5930 1290 6000 templis
1312 5943 1417 5992 eorum,
1441 5935 1470 5983 et
1491 5943 1507 5982 a
1529 5924 1658 5996 cordihtts
1674 5923 1809 5980 cultorum
1824 5934 1935 5977 suorum

1149 6018 1315 6074 amoliretur.
1328 6017 1399 6072 Eunt
1410 6030 1482 6071 nnnc
1496 6014 1550 6080 isti,
1563 6021 1590 6070 et
1602 5999 1691 6069 adbuc
1703 6019 1796 6069 contra
1807 6009 1938 6066 Citristia-

1149 6124 1215 6166 natu
1231 6107 1399 6179 rdiqlooout,
1411 6112 1610 6161 munsterum
1623 6102 1672 6161 liei
1688 6103 1790 6162 cuitunt
1804 6103 1944 6159 taoiutea
