4500 6842
306 618 375 673 titis
960 608 1276 667 tttltttttotbcttttt.
1871 606 1941 661 {tad

340 728 385 784 llll
399 727 466 783 lluu.
490 725 585 781 Natale
598 723 719 780 llereuaei
736 723 855 796 [tremui]
865 732 892 778 ct
906 724 1023 780 Abundii
1039 723 1094 779 llo-
1108 727 1132 787 A
1145 723 1218 779 anni
1232 720 1341 793 prairet
1355 721 1441 792 gratia
1462 720 1603 785 uirtutum,
1618 718 1666 775 stul
1685 719 1721 775 ita
1739 718 1841 788 ingenti
1855 721 1941 792 gloria

304 837 367 887 rrrae,
389 836 456 890 quos
468 818 586 875 Deciana
600 817 788 888 persecutione
800 815 881 886 jussit
894 817 1055 875 Valerianus
1070 816 1098 870 in
1150 831 1206 871 suae
1216 814 1312 885 plebis,
1322 813 1412 884 populi
1424 813 1529 868 Domini
1542 812 1669 868 Ecclesiae
1678 811 1845 881 praesideret,
1856 827 1942 882 usqua

251 895 257 902 ⁸
304 914 395 970 cloaca
414 911 521 967 necari:
537 925 570 965 eo
583 909 655 980 quod
673 923 772 979 corpus
784 908 872 963 beatae
892 906 1050 963 Concordiae
1070 906 1098 960 in
1150 905 1184 961 ad
1197 904 1448 976 expulsionemcjus
1459 903 1599 959 lrcmcntis
1609 904 1708 959 diaboli
1719 902 1822 959 exarsit
1832 904 1942 959 inuidia.

306 1004 426 1061 cloacam
440 1000 553 1056 missum
568 998 727 1063 levaverint,
739 1006 766 1053 ct
780 997 901 1068 ipsorum
916 1011 1025 1067 quoque
1039 1011 1098 1051 cor·
1150 994 1229 1051 llunc
1242 1009 1309 1065 ergo
1329 1010 1391 1049 cum
1406 994 1505 1048 seditio
1525 993 1615 1064 populi
1637 993 1861 1063 persequebatur,
1883 1002 1944 1063 post

306 1110 358 1167 pps
371 1092 470 1149 levavit
484 1090 607 1146 lustinus
617 1090 770 1160 presbyter,
788 1096 815 1143 ct
829 1087 953 1159 sepelivit
964 1088 991 1143 in
1004 1096 1098 1158 crypta
1150 1084 1249 1141 inultas
1263 1084 1451 1141 tribulationes
1463 1085 1489 1139 in
1501 1085 1746 1156 peregrinationem
1766 1086 1888 1155 perrexit
1905 1093 1944 1140 at-

303 1186 381 1257 J'nrta
400 1183 508 1238 beatum
526 1180 714 1235 Laurentium.
1151 1175 1943 1251 quesolnsecumeomitantepncroinAEgyptumperuenit,

331 1262 376 1330 'tl
389 1273 457 1330 llas.
471 1273 501 1327 ln
514 1271 599 1327 Gallia
612 1271 721 1327 Arelate
733 1271 843 1328 ciuitate
856 1269 990 1343 depositio
1013 1272 1100 1328 sancti
1151 1275 1244 1345 ibique
1262 1273 1334 1328 inter
1355 1274 1536 1327 anachoretas
1551 1271 1750 1326 strictissimam
1766 1272 1849 1325 uitam
1868 1270 1946 1326 duait

306 1366 417 1422 caesarii
428 1364 557 1435 episcopi.
572 1362 765 1434 augustoduno
779 1363 912 1433 depositio
927 1363 1013 1420 sancti
1028 1361 1101 1435 Sya-
1151 1377 1180 1421 et
1190 1364 1553 1420 nobilitercnurersatusest
1563 1379 1571 1416 ε
1582 1362 1944 1431 quenrsanctusAntiocbus,

307 1457 359 1529 grii
375 1454 507 1526 episcopi.
1152 1456 1294 1525 presbyter
1314 1453 1520 1525 Lugdunensis,
1538 1454 1585 1522 pio
1607 1454 1736 1509 incitatus
1753 1451 1841 1509 officio
1861 1467 1946 1522 usque

343 1546 366 1598 ll
397 1545 465 1600 ilar.
502 1542 531 1598 ln
557 1542 649 1599 Airica
680 1543 812 1614 depositio
842 1544 928 1600 sancti
958 1542 1100 1614 Augustini
1152 1546 1186 1600 ad
1197 1544 1361 1600 visitandum
1372 1559 1450 1600 suum
1461 1546 1617 1615 episcopum
1627 1560 1741 1616 pergere
1753 1545 1842 1599 anima
1857 1547 1952 1612 intcnffi

307 1634 437 1707 episcopi,
453 1635 499 1703 qui
513 1635 600 1703 primo
614 1633 648 1689 de
661 1648 709 1689 sua
723 1634 832 1690 ciuitate
847 1643 957 1706 propter
972 1634 1103 1690 barbaros
1153 1636 1209 1702 dit,
1237 1650 1317 1705 quern
1338 1636 1421 1691 etiam
1445 1635 1480 1689 ad
1505 1650 1535 1691 se
1554 1643 1697 1691 venturum
1720 1643 1831 1690 sanctus
1853 1632 1946 1690 iustus

309 1724 463 1782 Sardiniam
481 1724 639 1791 translatus,
654 1741 739 1797 nuper
752 1741 767 1780 a
780 1725 947 1781 luitbrando
960 1741 1021 1797 rege
1032 1725 1104 1781 Lon-
1153 1725 1295 1797 episcopus
1304 1726 1428 1796 paedixit
1441 1726 1484 1781 bis
1498 1724 1545 1795 qui
1557 1740 1649 1781 secum
1664 1733 1752 1781 erant.
1766 1724 1831 1780 Post
1844 1724 1947 1794 aliquot

308 1819 490 1891 gebardorunr
504 1817 606 1872 'liniatis
629 1815 776 1889 [Ticinum]
791 1815 891 1873 relatus
903 1824 930 1871 ct
953 1811 1104 1872 bono'ridce
1153 1830 1220 1871 vero
1237 1816 1295 1871 dies
1309 1826 1419 1871 sanctus
1431 1814 1478 1870 Dei
1499 1816 1619 1887 migrans
1640 1815 1673 1871 de
1686 1817 1737 1871 boc
1751 1814 1866 1881 saeculo,
1884 1829 1946 1870 ossa

309 1910 434 1966 conditus
459 1917 509 1964 est.
541 1908 642 1963 Eodem
672 1907 716 1963 die
741 1908 832 1964 natale
855 1908 943 1964 sancti
967 1907 1104 1963 ilcrmetis
1154 1923 1204 1963 sua
1226 1908 1261 1962 ad
1278 1908 1371 1963 sedern
1391 1923 1469 1962 suam
1484 1906 1655 1963 diriuonutn
1669 1903 1811 1963 transferri
1835 1919 1945 1977 prome-

310 2001 446 2071 martyris.
877 2029 881 2038 «
1155 1998 1219 2063 ruit,
1234 1998 1324 2068 ibique
1339 1997 1488 2053 bonorilrce
1505 1997 1623 2067 sepeliri.

345 2088 379 2144 ll
390 2087 458 2143 llas.
472 2087 500 2141 lu
512 2088 639 2154 l'crms'ro,
651 2088 759 2144 ciuitate
774 2088 886 2158 Apuliae,
901 2086 990 2144 natale
1004 2087 1102 2143 Felicis
1116 2080 1140 2141 B
1187 2086 1222 2141 lll
1239 2084 1308 2141 Nou.
1334 2085 1363 2141 lu
1377 2085 1551 2152 Alexandria,
1574 2086 1703 2158 Aristippi
1717 2087 1852 2157 episcopi,
1874 2095 1902 2141 ct
1918 2085 1945 2140 in

309 2180 428 2250 episcopi
439 2180 557 2235 civitatis
568 2179 760 2245 Tubrozensis,
772 2179 927 2236 etlanuarii
938 2180 1102 2252 presbyteri,
1154 2175 1244 2250 Syria,
1258 2175 1385 2232 Antonini
1400 2176 1476 2246 pueri
1491 2192 1623 2232 annorum
1645 2178 1750 2249 uiginti,
1762 2186 1790 2234 et
1809 2177 1946 2233 Aristonis

309 2278 338 2323 et
352 2268 537 2323 Fortunatiani
552 2278 580 2324 et
601 2267 755 2339 Septimini,
775 2269 923 2336 lectorum,
939 2271 985 2342 qui
1000 2280 1104 2341 tempo-
1153 2270 1289 2341 episcopt,
1304 2277 1333 2325 et
1343 2270 1370 2325 in
1383 2269 1492 2334 Caedis,
1507 2270 1642 2325 Vitaliani.

311 2357 385 2413 ribus
398 2358 556 2413 Diocletiani
574 2359 602 2413 in
617 2374 666 2414 sna
687 2360 797 2416 ciuitate
810 2362 878 2416 tenti
897 2378 913 2416 a
926 2361 1104 2434 Magnelliano
1187 2362 1291 2419 llNou.
1305 2363 1335 2418 ln
1348 2362 1415 2419 urbe
1428 2362 1599 2419 Cabiloneusi
1613 2360 1702 2418 natale
1726 2362 1813 2416 sancti
1826 2360 1946 2416 llarcelli

310 2458 486 2520 procuratore
508 2465 573 2504 artu
593 2449 652 2503 llal.
664 2447 738 2516 lolii,
751 2450 813 2507 inda
825 2452 916 2508 multis
928 2454 973 2509 diu
988 2452 1104 2508 uinculis
1154 2454 1299 2524 martyris,
1312 2453 1358 2523 qui
1372 2454 1424 2509 sub
1436 2453 1573 2509 Antonino
1588 2453 1752 2524 imperatore
1762 2466 1811 2522 per
1823 2450 1946 2507 Priscum

311 2541 712 2609 etcarecribusmacerati,etin
722 2542 795 2608 Asia,
807 2553 834 2598 et
844 2544 870 2599 in
884 2543 1105 2611 Sicilia,tandcra
1154 2543 1297 2612 presidem
1308 2557 1404 2612 passus
1413 2550 1466 2598 est
1479 2539 1548 2597 Nam
1559 2556 1621 2598 cam
1635 2541 1717 2597 nollet
1732 2540 1803 2598 idola
1820 2541 1945 2606 adorare,

312 2633 339 2687 iu
355 2634 489 2689 occisione
504 2633 585 2704 gladii
599 2635 777 2689 consummati
791 2645 864 2691 sunt.
884 2636 979 2692 Natale
1004 2645 1105 2693 sanctae
1155 2631 1341 2703 multipliciter
1362 2631 1548 2702 torquebatur.
1565 2629 1682 2687 Sanetus
1704 2645 1770 2701 ergo
1794 2637 1898 2700 martyr
1918 2629 1947 2684 in

312 2722 420 2779 Sabinae
441 2724 581 2795 martyris.
608 2724 709 2779 Eadem
733 2726 776 2781 die
798 2724 951 2781 celcliratur
964 2726 1105 2782 decollatio
1155 2726 1247 2779 animo
1259 2722 1364 2779 coelesti
1378 2723 1477 2778 uirtute
1491 2721 1644 2787 roboratus,
1660 2720 1948 2777 securrdumlocaido-

314 2811 402 2866 sancti
415 2809 527 2865 loantris
540 2811 681 2882 baptista,
697 2814 743 2883 qni
756 2807 844 2884 primo
858 2813 885 2868 in
902 2813 1025 2870 Samaria
1038 2829 1104 2870 con·
1154 2811 1254 2876 iorum,
1266 2811 1341 2866 itaet
1353 2810 1484 2890 supplicia
1495 2810 1689 2876 commutabat,
1700 2810 1823 2880 equuleis
1835 2820 1950 2867 extensa

313 2891 477 2967 ditus,'nunc
489 2903 515 2956 iu
534 2901 698 2959 Alexandria
715 2923 721 2958 ε
738 2920 820 2976 porro
834 2914 916 2975 caput
937 2906 971 2961 de
997 2904 1105 2962 leroso-
1156 2900 1278 2958 membra
1295 2910 1454 2957 catenarum
1470 2901 1587 2957 stridore
1598 2899 1692 2966 laniat,
1710 2900 1812 2972 ignium
1825 2899 1949 2971 globibus

313 2990 393 3061 tynis
410 2993 445 3048 ad
460 2991 598 3048 Pboenicis
610 2995 705 3049 urbem
720 2994 852 3051 Emissarn
869 2995 1020 3069 [Edessam]
1032 2998 1106 3054 dela·
1157 2991 1213 3064 (¹¹⁰
1226 2990 1288 3062 ma.)
1304 2991 1369 3057 ulii,
1380 2998 1409 3046 0²
1419 2990 1557 3047 ἅίδδθῐῑῑῑίθ
1573 2990 1672 3046 ictibus
1684 2998 1761 3046 allus
1778 2996 1874 3046 ⁰¹¹¹⁸2³
1886 3004 1949 3045 ⁰0¹·-

314 3089 371 3137 turn
383 3091 435 3138 cst.
760 3133 763 3138 ,
1156 3080 1231 3151 poris
1244 3080 1378 3136 elementa
1390 3078 1542 3152 jungebant
1555 3098 1563 3137 :
1586 3080 1635 3137 scd
1648 3069 1750 3137 athleta
1768 3079 1948 3148 fortissimus,

349 3172 382 3227 lll
393 3173 459 3228 llrr.
485 3165 577 3229 nomba
587 3174 676 3231 notate
686 3184 842 3232 sanctorum
853 3184 1002 3248 martyrum
1010 3176 1107 3234 Felicis
1157 3172 1277 3228 auctoris
1291 3172 1333 3228 sui
1346 3170 1409 3228 lesu
1422 3172 1523 3229 Christi
1536 3172 1607 3229 intra
1624 3173 1728 3229 uiscera
1747 3173 1868 3229 retinens
1883 3187 1950 3243 pas·

314 3272 343 3318 et
356 3262 485 3328 Audacti,
503 3262 661 3319 Gaudentius
671 3264 784 3335 uirginis
798 3279 860 3321 cuna
876 3264 989 3335 reliquis
1007 3264 1105 3329 tribus,
1157 3265 1271 3329 sionem,
1286 3263 1445 3335 gloriosiore
1458 3263 1606 3320 certamine
1621 3265 1821 3335 triumphabat,
1837 3272 1865 3321 et
1879 3265 1950 3321 anti·

314 3363 341 3409 et
359 3354 491 3424 depositio
503 3353 573 3425 Agili
594 3353 712 3409 abbatis.
1158 3356 1326 3428 quamfldem
1336 3358 1643 3414 tormentorumnoritas
1654 3366 1758 3414 mutare
1769 3366 1949 3431 nonpoterat.

351 3444 373 3500 ll
386 3444 455 3500 liar.
474 3444 595 3500 Treuiris
607 3444 739 3516 depositio
765 3443 971 3500 sanctitudini
986 3445 1106 3515 episcopi
1120 3426 1144 3490 C
1159 3445 1217 3503 lloc
1230 3461 1338 3518 semper
1357 3446 1444 3517 iniqui
1469 3449 1651 3517 persecutoris
1674 3450 1881 3521 interrogationi
1905 3464 1950 3506 re·

316 3548 344 3595 et
357 3537 529 3603 contessoris,
543 3539 661 3609 quicum
674 3553 724 3609 pro
736 3537 789 3593 lide
802 3538 935 3594 catholica
948 3553 964 3592 a
978 3536 1109 3594 Garumn-
1160 3536 1305 3607 spondens,
1319 3536 1378 3592 lieri
1389 3551 1560 3606 nequaquan
1569 3551 1649 3607 posse
1659 3547 1690 3594 nt
1703 3539 1749 3607 qui
1761 3540 1846 3596 Deum
1861 3540 1952 3595 rivum

316 3630 356 3685 tio
368 3629 529 3700 imperatore
541 3627 596 3684 lilio
608 3628 777 3686 Constantini
790 3628 931 3685 exsiliatus
941 3627 1047 3695 inisset,
1056 3628 1109 3685 ibi·
1159 3626 1447 3695 sensibusrecepisset,
1459 3639 1526 3681 saxa
1534 3640 1615 3682 sensu
1624 3629 1744 3683 carentia
1753 3638 1801 3683 aut
1807 3629 1952 3685 simulacra

318 3722 379 3777 dem
393 3720 536 3791 requicutt.
1160 3716 1312 3771 damnum
1325 3715 1466 3782 adoraret;
1482 3729 1564 3785 quem
1576 3716 1758 3785 nequissimus
1769 3733 1878 3788 praeses,
1891 3734 1953 3775 cunr

1160 3806 1188 3862 in
1198 3806 1337 3878 suppliciis
1347 3805 1791 3879 divinilarerisgratiaadreroeret
1801 3810 1952 3869 fortiorem.

556 3854 867 3935 SEPTEMBER·
1160 3897 1282 3954 inaudito
1314 3898 1482 3955 crudelitatis
1503 3900 1648 3971 exemplo,
1672 3901 1732 3972 plus
1757 3918 1839 3972 quam
1862 3903 1954 3959 lurore

354 3989 422 4045 ilar.
437 3988 573 4045 Serrana.
587 3988 789 4046 cennomannis
798 3988 1011 4046 civitateGallire
1020 3988 1110 4044 natale
1160 3990 1344 4060 persecutoris
1367 3990 1525 4057 insaniens,
1554 3990 1643 4047 desedi
1669 4007 1733 4048 euru
1753 3994 1955 4063 cingulotenus

320 4080 438 4138 lictoris
454 4080 590 4155 [Victorii]
605 4082 733 4153 episcopi.
749 4081 816 4137 Nam
832 4083 896 4138 dum
915 4091 1026 4137 sanctus
1040 4080 1111 4136 llar-
1157 4079 1259 4152 jussit,
1272 4080 1320 4136 sed
1343 4080 1432 4138 triduo
1453 4082 1481 4138 io
1502 4082 1627 4138 laudibus
1640 4083 1741 4140 Christi
1762 4086 1956 4156 omnipotentis

292 4219 295 4224 .
320 4172 395 4227 tinus
409 4171 575 4227 Turonensis
589 4172 731 4243 episcopus
745 4173 866 4244 perrexit
877 4173 912 4228 ad
927 4172 1109 4243 sepeliendum
1161 4171 1267 4229 bomin
1282 4188 1314 4228 ac
1328 4174 1376 4229 bei
1389 4174 1432 4230 sni
1444 4189 1492 4231 ore
1505 4183 1533 4230 et
1553 4190 1646 4232 amore
1660 4177 1827 4246 perdurans,
1845 4178 1956 4233 interior

321 4262 476 4334 leporium,
490 4263 645 4334 pontificem
657 4265 820 4336 supradictae
843 4265 928 4331 urbis,
943 4274 970 4321 et
990 4265 1111 4323 uenisset
1161 4266 1243 4323 terris
1262 4267 1384 4323 membra
1399 4274 1506 4324 terrena
1529 4272 1734 4338 commendans,
1747 4272 1871 4342 spiritum
1890 4287 1954 4329 san-

322 4354 357 4409 ad
366 4353 509 4425 oppidum,
523 4353 671 4424 respiciens
681 4356 749 4411 ridit
761 4357 897 4413 bominem
912 4366 1069 4429 operantem
1083 4358 1111 4413 in
1162 4363 1235 4411 ctum
1249 4356 1340 4412 emisit
1351 4358 1385 4411 ad
1397 4357 1492 4414 coelos.

322 4444 410 4511 uinea,
423 4452 537 4514 eratque
546 4443 672 4510 clericus,
684 4445 841 4502 subdiaconi
849 4444 965 4503 officinm
976 4448 1109 4517 adeptus:
1198 4448 1291 4504 Noars.
1306 4448 1336 4504 ln
1355 4459 1434 4520 portu
1447 4448 1540 4506 Rornae
1556 4451 1646 4508 natale
1662 4451 1790 4518 Taurini,
1810 4453 1956 4510 Eraeulani

322 4535 524 4605 revelatumque
536 4543 578 4591 est
590 4544 683 4591 sancto
699 4537 745 4591 lici
757 4552 790 4593 eo
807 4539 879 4609 quod
892 4539 950 4609 ipse
962 4547 1034 4595 esset
1048 4554 1111 4595 suc·
1163 4538 1344 4613 lllcrculanil,
1359 4548 1388 4595 ct
1398 4540 1426 4595 in
1442 4540 1622 4608 Alexandria,
1634 4541 1749 4615 Nympbi
1763 4551 1791 4598 ot
1805 4544 1956 4608 Saturnini,

322 4643 448 4684 cessurus
470 4628 497 4683 in
520 4627 699 4699 episcopalem
720 4629 807 4685 locum
830 4647 838 4683 ε
854 4631 1014 4701 vocavitque
1036 4630 1113 4686 illurn
1162 4644 1190 4692 et
1202 4635 1335 4706 depositio
1347 4634 1419 4691 beati
1431 4633 1540 4707 lngcnui
1554 4634 1693 4705 episcopi,
1712 4642 1741 4690 et
1752 4635 1779 4689 in
1791 4634 1957 4705 Campania,

323 4729 433 4775 sununs
448 4718 579 4775 Alartinus
593 4719 628 4774 ad
645 4735 675 4776 se
696 4720 789 4776 dicens
810 4719 848 4776 illi
871 4737 879 4777 a
894 4739 905 4774 t
919 4721 1037 4779 Benedic
1050 4736 1111 4788 me,
1164 4727 1267 4796 Quinti.
1282 4726 1311 4782 ln
1324 4726 1428 4793 Galliis,
1443 4727 1553 4784 ciuitate
1562 4726 1737 4790 vesontione,
1748 4724 1839 4780 natale
1849 4734 1959 4781 sancto-

322 4808 430 4863 dotttine
445 4808 547 4864 Victor.
568 4828 578 4860 r
596 4808 644 4864 Cui
660 4808 725 4865 ille:
744 4826 754 4860 t
772 4808 934 4865 Benedicta
958 4809 1041 4874 mihi,
1063 4809 1113 4866 do·
1125 4780 1152 4841 D
1165 4834 1226 4873 rum
1239 4817 1359 4874 Ferreoli
1373 4825 1402 4872 et
1413 4815 1589 4872 Ferrutionis.

288 4882 296 4899 ⁶
323 4900 396 4954 minc
409 4898 457 4962 mi,
478 4908 506 4954 et
525 4898 683 4955 benedictus
695 4914 785 4955 sermo
799 4909 895 4956 tuus·
918 4900 1017 4971 Sicque
1033 4898 1113 4969 jussu
1202 4909 1259 4966 vul
1283 4908 1638 4979 1„‚Zachariaepropheaae.
1662 4907 1756 4963 nomo
1769 4908 1812 4963 ria
1836 4906 1957 4973 salaria,

323 4987 410 5043 sancti
423 4985 475 5041 riri
489 4995 599 5042 secutus
619 4995 747 5055 osteum,
762 5004 854 5058 quem,
867 4997 1014 5046 convocata
1035 4989 1114 5060 plebe
1166 4999 1292 5058 milliario
1317 5000 1353 5054 ab
1382 4997 1455 5053 Urbe
1480 4998 1723 5070 quinquagesimo,
1754 5000 1845 5055 'rotate
1871 5001 1959 5055 sanari

323 5087 405 5147 atquc
434 5078 607 5144 madidam,
635 5079 772 5135 wilibald
796 5080 975 5151 edwium,
1001 5080 1114 5152 ejusque
1166 5090 1317 5148 Elentlrerii
1326 5089 1456 5161 episcopi.
1467 5089 1496 5145 lu
1505 5090 1641 5146 territorio
1650 5090 1837 5161 Cappadociae,
1848 5092 1960 5149 ciuitate

324 5164 418 5232 s¹¹l¹¹¹¹¹v
438 5166 605 5223 Vicwfissuffl
622 5169 740 5235 minine·
755 5171 910 5240 baptizarit,
927 5181 955 5228 et
976 5187 1067 5229 secum
1079 5174 1114 5230 ad
1167 5180 1313 5243 linctcusi,
1339 5180 1428 5234 natale
1452 5180 1537 5234 sancti
1553 5178 1654 5235 Cuttidi
1683 5179 1815 5253 [Cottidil.
1846 5182 1958 5253 Eugenii

324 5255 496 5310 nutriendum
512 5256 546 5312 ad
560 5256 607 5312 liei
618 5258 758 5314 seruitium
772 5260 832 5315 tulit
846 5273 853 5313 ε
868 5276 949 5329 quern
959 5263 1041 5317 etiam
1053 5270 1115 5332 post
1167 5272 1285 5344 eptsrqpi
1296 5280 1326 5327 et
1339 5272 1474 5327 sociorum
1491 5271 1558 5340 ejus,

324 5345 524 5417 obitnmpatris
543 5346 660 5405 defuncti
675 5350 763 5406 eidem
788 5351 890 5407 civitati
907 5353 1041 5409 ordinarit
1056 5354 1106 5423 epi·
1207 5364 1250 5419 vn
1271 5363 1309 5419 ιι),
1325 5362 1420 5417 Nande
1442 5363 1529 5418 saneti
1550 5362 1706 5420 chlodoaldi
1730 5364 1901 5421 confessoris,
1930 5363 1959 5419 tq

324 5448 446 5506 ⁸⁰⁰Puffl·
1168 5453 1315 5523 Campania
1324 5452 1411 5508 natale
1421 5450 1580 5517 lunocentii,
1591 5463 1619 5509 ct
1629 5455 1655 5509 in
1666 5454 1819 5510 benevento
1827 5452 1960 5517 laturarii,

360 5527 393 5582 lll
409 5527 476 5584 Non.
494 5529 623 5600 lugduno
638 5530 730 5587 Gallias
746 5533 877 5605 depositio
904 5535 972 5591 lusti
996 5538 1115 5607 episcopi
1171 5542 1254 5607 Festi,
1267 5542 1361 5605 Acuti,
1373 5551 1400 5596 et
1414 5543 1500 5597 sancti
1516 5541 1610 5613 Synoti
1637 5553 1664 5598 et
1682 5542 1822 5597 Desiderii.
1838 5540 1959 5609 Arelate,

324 5625 352 5671 et
365 5617 528 5675 confessoris
545 5637 553 5686 ;
572 5636 632 5674 cunt
648 5633 708 5691 post
730 5623 902 5680 diaconatum
917 5628 1030 5683 antistes
1043 5628 1117 5683 ordi·
1170 5631 1264 5688 Galliae
1288 5632 1415 5695 civitate,
1442 5632 1531 5687 natale
1545 5632 1629 5686 sancti
1650 5631 1804 5701 Augustalis
1827 5632 1959 5704 episcopi.

325 5718 404 5764 natus
415 5720 467 5775 est,
476 5719 550 5766 tatrta
559 5713 684 5781 puritate,
695 5715 837 5781 modestia,
851 5717 962 5787 pictate,
975 5719 1115 5789 patientia,
1169 5723 1323 5778 Aurelianis
1336 5722 1448 5804 ciuitate
1458 5724 1544 5777 sancti
1560 5722 1661 5777 Evortii
1673 5722 1792 5792 episcopi
1810 5732 1838 5777 et
1851 5724 1958 5779 caules·

325 5802 486 5869 permultos
505 5805 575 5859 rexit
595 5820 689 5869 annos,
707 5815 780 5862 tanta
793 5809 866 5865 cirea
888 5825 1020 5881 pauperes
1033 5825 1115 5876 cura,
1170 5815 1250 5882 soris,
1265 5815 1311 5884 qni
1335 5824 1397 5883 post
1411 5815 1583 5870 berinianum
1600 5812 1684 5884 ipsius
1704 5813 1832 5869 Ecclesia
1856 5816 1961 5885 episco-

325 5899 401 5946 tanta
415 5894 565 5951 divinorum
583 5899 768 5953 mandatorum
783 5900 965 5967 observantia,
984 5911 1012 5957 ut
1033 5903 1116 5957 etiam
1170 5916 1262 5978 patum
1277 5907 1391 5973 tneruit;
1408 5909 1454 5978 qui
1476 5907 1557 5962 etiam
1569 5904 1661 5960 diuino
1677 5914 1744 5959 nutu
1762 5921 1812 5976 per
1829 5906 1963 5963 columbe

326 5986 484 6056 magnificos
498 5997 578 6057 atque
596 5998 756 6059 prestantes
769 5992 829 6049 illos
844 5994 949 6050 bomini
962 5994 1117 6053 sacerdotes
1169 5998 1288 6070 speciem
1311 5996 1430 6069 Spiritus
1452 5997 1538 6055 saneti
1565 5996 1697 6054 electione
1721 5999 1756 6056 ad
1777 6006 1961 6074 episcopatum
