4500 6842
301 693 354 751 abt
854 691 1007 751 tlotttllAE
1027 693 1060 749 tri
1079 693 1207 751 etune.
1229 694 1273 750 nt
1293 693 1404 750 belse.
1886 699 1940 754 bil!

300 821 366 864 sem
383 813 445 872 oot;
473 804 518 873 qui
548 818 608 874 erqo
627 801 729 858 coluerit
747 813 771 857 et
792 805 910 860 docuerit
931 807 978 873 ric,
995 806 1021 861 iel
1047 807 1363 875 estApetuumritare
1393 806 1527 876 pessimus
1551 807 1679 874 insinuat,
1702 808 1724 863 si
1747 822 1796 863 not
1816 808 1941 867 videlieet

301 896 454 955 mntem
470 895 496 951 ici
518 895 590 964 quod
616 894 705 961 soluit,
730 912 784 951 uon
808 896 955 952 seeundum
983 898 1096 969 iclquod
1150 895 1223 965 ipsos
1257 911 1292 951 ne
1321 910 1400 965 quem
1434 896 1562 951 bcdamus
1593 897 1789 963 attendimus,
1822 898 1845 953 si
1877 913 1940 969 pec·

303 989 408 1045 iurenit
420 999 447 1043 et
459 986 534 1057 legit,
550 986 673 1042 minirum
684 987 818 1041 recolitur
828 987 855 1042 in
868 1004 945 1057 regno
957 988 1096 1043 coelorum:
1149 996 1255 1041 cautem
1281 986 1350 1042 eoelo
1370 987 1481 1057 justitie
1503 988 1676 1059 corripimus,
1691 989 1714 1044 si
1729 1004 1761 1044 ex
1784 989 1865 1046 eorde
1882 1005 1942 1062 prn-

303 1079 351 1136 ubi
363 1078 416 1135 niti
429 1077 519 1150 magm
534 1092 595 1131 esse
610 1092 663 1131 nou
673 1085 796 1146 possunt.
808 1075 900 1132 Potest
911 1084 939 1131 et
960 1078 1013 1132 boe
1040 1092 1097 1132 me·
1148 1076 1244 1131 nitenti
1258 1076 1450 1132 misericordiae
1460 1076 1619 1147 pietatisque
1633 1078 1738 1133 uiscera
1753 1065 1906 1150 pandimus.

305 1168 514 1240 raliteracoipl;
524 1168 604 1225 solvit
616 1177 705 1224 amem
721 1169 875 1223 mandatum
889 1169 936 1225 Dei
950 1169 1029 1240 isqui
1043 1186 1096 1226 uon
1184 1166 1219 1221 Et
1230 1168 1252 1220 ti
1270 1167 1363 1238 repticr
1381 1166 1409 1221 in
1418 1168 1459 1221 die
1471 1168 1611 1238 peccauerit
1623 1170 1650 1222 in
1661 1178 1694 1232 te,
1710 1180 1734 1223 ct
1746 1170 1839 1242 repriet
1858 1171 1885 1226 in
1896 1170 1940 1226 die

305 1262 410 1334 inplet,
423 1275 577 1333 quanquam
588 1275 641 1315 non
652 1261 679 1315 in
693 1262 819 1316 tutandam
830 1261 991 1317 solutionem
1003 1263 1093 1327 iaciat,
1148 1273 1287 1311 concertat
1310 1256 1389 1327 [uerti
1408 1257 1442 1311 ed
1455 1267 1490 1323 te,
1510 1257 1619 1311 dicent:
1635 1255 1744 1313 Poertitct
1766 1276 1818 1325 me,
1839 1259 1940 1314 dicecere

299 1343 354 1409 bed
371 1353 398 1406 in
412 1350 568 1420 tenretipso,
583 1347 827 1405 firmumesteuim
842 1350 1055 1407 Deimamlatum
1070 1359 1098 1406 ot
1147 1349 1198 1405 illi.
1221 1350 1383 1420 Septenario
1397 1364 1511 1405 uuurero
1526 1366 1580 1405 uon
1594 1352 1679 1406 tcuiae
1691 1352 1786 1407 daudre
1806 1354 1939 1410 terminet

304 1450 399 1517 potest
413 1440 481 1497 solui
494 1439 639 1510 scriptura,
654 1438 697 1495 lex
713 1454 777 1512 crgo
796 1442 993 1511 quodammoio
1006 1441 1097 1513 ligatio
1148 1441 1267 1510 ponitur,
1289 1441 1336 1497 sed
1350 1441 1391 1495 tel
1403 1441 1494 1495 omnia
1508 1449 1619 1511 peccata
1633 1440 1793 1497 dimittenda
1811 1443 1853 1498 tel
1869 1456 1941 1499 sem·

305 1544 360 1602 eet,
383 1534 429 1606 qui
446 1541 536 1588 autem
552 1530 695 1603 ligationes
706 1532 755 1587 Dei
769 1515 880 1598 excidit,
895 1534 952 1603 ipse
971 1534 1097 1589 mandata
1147 1547 1196 1602 per
1210 1534 1353 1604 poeniteuti
1369 1533 1556 1588 dimittendum
1577 1533 1741 1604 praecipitur.
1756 1533 1831 1590 Solet
1840 1533 1941 1591 etenim

305 1627 400 1691 solvit,
415 1626 443 1681 iu
453 1624 598 1694 semetipso
610 1633 637 1678 et
650 1640 702 1678 uon
716 1625 742 1679 iu
758 1625 832 1696 ipsis.
842 1625 916 1680 Talis
927 1624 1034 1695 quidem
1054 1625 1098 1680 ille
1148 1641 1219 1698 saepe
1233 1639 1282 1697 per
1300 1636 1403 1697 septem
1417 1624 1598 1696 cujuscunque
1614 1627 1653 1680 rei
1666 1635 1713 1681 aut
1727 1629 1855 1697 temporis
1876 1629 1940 1684 uni-

308 1718 441 1774 minimus
452 1715 594 1771 uocabitur
614 1715 641 1769 in
660 1730 742 1785 regno
753 1715 884 1771 eoelorum
902 1734 908 1770 :
925 1716 987 1787 quia
1001 1717 1096 1786 depe·
1149 1716 1264 1770 versitas
1277 1716 1403 1781 iudicari,
1417 1715 1489 1771 uncle
1502 1724 1530 1772 et
1546 1717 1573 1772 iu
1591 1716 1694 1787 psalmo
1708 1717 1826 1773 canitur:
1841 1715 1941 1789 Septies

305 1808 449 1864 ctissimus
461 1813 502 1861 est
513 1806 540 1859 iu
551 1805 671 1860 Ecclesia
687 1815 853 1861 sauctorum.
867 1805 934 1861 Nam
948 1814 976 1862 et
985 1823 1097 1878 reguum
1149 1806 1175 1861 in
1187 1807 1229 1860 die
1241 1805 1346 1860 leudem
1357 1807 1412 1860 diei
1423 1807 1479 1860 tibi.

306 1896 663 1967 coelorumbicprrcsentem
674 1895 1100 1967 Ecclesiamsignitieat‚sieutet
1185 1894 1219 1947 Et
1236 1895 1357 1948 dicerunt
1378 1894 1537 1966 apostolicd
1562 1894 1719 1951 Dominum:
1750 1896 1943 1970 Aduuqenolrit

308 1987 384 2049 alibi,
411 1986 457 2041 ubi
490 1986 618 2056 scriptum
638 1996 704 2041 est:
723 1984 814 2041 Simile
834 1998 874 2078 gat
896 2004 1003 2058 regnum
1023 1990 1099 2042 coelo-
1149 1984 1238 2052 fidem.
1264 1984 1374 2040 Dixerat
1386 1999 1469 2056 super
1481 1986 1621 2051 Dominus,
1635 1986 1680 2056 qni
1690 1986 1778 2056 fidelis
1793 1987 1821 2042 in
1833 1988 1941 2043 minimo

308 2093 368 2132 rnen
383 2092 487 2148 arpenn
500 2077 587 2131 mitre
598 2075 625 2131 in
639 2094 728 2142 traore,·
743 2075 894 2148 etilepnom
904 2078 953 2133 Dei
965 2080 1033 2148 iutro
1054 2097 1098 2134 eea
1149 2088 1173 2130 ct
1190 2079 1217 2131 in
1232 2077 1332 2148 majore
1346 2077 1432 2146 fidelis
1444 2088 1493 2144 eat,
1519 2082 1582 2133 etsi
1606 2078 1634 2133 iu
1659 2078 1747 2133 alieno
1773 2077 1866 2134 flectes
1888 2096 1942 2135 uon

307 2153 357 2224 etr.
372 2169 424 2234 Qui
437 2175 527 2222 autem
540 2164 634 2221 iecerit
646 2174 673 2221 et
687 2168 819 2233 docuerit,
833 2167 878 2223 bic
890 2183 1004 2241 maguus
1017 2185 1097 2223 voca·
1116 2157 1137 2214 B
1151 2167 1251 2235 fuistis,
1273 2170 1343 2240 quod
1359 2180 1478 2225 uestrum
1498 2178 1540 2225 est
1556 2172 1617 2242 quis
1636 2172 1710 2226 dabit
1727 2171 1822 2228 renisi
1836 2171 1870 2227 Et
1882 2172 1943 2228 ideo

307 2258 381 2313 bitur
392 2258 420 2312 iu
430 2273 513 2329 regno
527 2257 673 2324 eoelorum;
689 2257 717 2311 in
730 2257 853 2312 iaciendo
863 2257 936 2313 cruim
946 2258 1012 2329 leqp's
1026 2274 1101 2313 matr·
1153 2263 1273 2335 Apostoli
1286 2264 1332 2335 qui
1346 2263 1373 2319 in
1388 2264 1476 2319 alieno
1488 2278 1520 2318 ac
1531 2263 1653 2330 minimo,
1678 2265 1730 2319 lroe
1740 2273 1793 2333 ert,
1807 2265 1836 2321 in
1857 2273 1943 2320 terre-

308 2352 373 2406 data
393 2350 485 2419 magui
506 2366 603 2434 nomep
615 2349 845 2421 mereturillequi
859 2351 937 2407 docet
963 2351 1024 2422 quia
1050 2369 1102 2406 noo
1153 2368 1251 2407 norum
1263 2361 1418 2422 eotrtcmptu
1432 2352 1490 2423 jam
1518 2350 1593 2409 luere
1614 2354 1717 2420 ssdeles,
1728 2355 1755 2412 in
1775 2371 1824 2411 suo
1841 2355 1892 2412 tibi
1911 2372 1943 2410 ac

309 2441 439 2508 doctores,
456 2457 503 2496 nec
519 2440 661 2506 auditores,
677 2439 723 2496 red
745 2441 857 2511 [deteret
882 2441 946 2512 legit
968 2442 1102 2512 jrrrtrficu-
1155 2440 1257 2510 maiore
1273 2442 1353 2497 ficiem
1368 2441 1506 2511 postulant
1519 2441 1621 2513 augeri.

309 2535 409 2589 tantm
421 2532 492 2604 opud
506 2531 599 2587 Deum.
616 2531 719 2600 Quibus
733 2547 838 2588 merces
862 2533 961 2588 etenim
983 2532 1018 2587 ab
1043 2531 1102 2603 ipso
1190 2532 1263 2586 Dicit
1281 2541 1369 2587 uatem
1395 2532 1543 2587 Dominus:
1568 2530 1598 2586 Si
1617 2532 1746 2587 truberetr'r
1769 2533 1849 2603 fidem
1876 2535 1944 2589 rictrt

312 2626 446 2680 bononem
477 2623 598 2680 omnium
620 2622 748 2694 largitore
769 2623 795 2677 in
816 2622 906 2678 inituro
926 2623 1101 2686 retribuetur,
1154 2641 1265 2694 prunum
1279 2625 1388 2694 sinapio,
1400 2624 1519 2678 diceretis
1530 2623 1590 2678 duic
1603 2624 1691 2678 arbori
1705 2641 1800 2679 moro:
1814 2624 1943 2680 Erudieu-

311 2717 426 2773 mortino
439 2716 563 2772 uidelicet
582 2714 645 2772 lesu
657 2714 767 2771 Christo
777 2714 823 2785 qui
839 2715 939 2769 uiuitet
950 2722 1045 2786 regnat
1054 2729 1103 2785 per
1155 2725 1218 2770 rect
1233 2713 1427 2785 trunapiuutrre
1437 2716 1463 2768 in
1475 2730 1557 2778 mure,
1571 2722 1596 2768 et
1610 2714 1724 2768 obediret
1743 2714 1824 2769 nobit.
1847 2715 1941 2771 Fidem

312 2805 403 2860 omnia
417 2804 514 2861 secula
529 2804 700 2861 seculorum.
715 2806 813 2860 bureau.
1154 2804 1301 2876 perlectam
1313 2819 1398 2877 grano
1408 2805 1509 2875 sinapis
1524 2813 1673 2875 comparat,
1688 2820 1749 2875 quae
1765 2806 1802 2861 sit
1820 2806 1944 2862 videlieet

571 2918 711 2976 1103„qu
735 2918 842 2975 Lm·
1155 2895 1236 2950 etad
1257 2895 1354 2951 faciem
1379 2896 1489 2950 humilis
1512 2886 1574 2951 etin
1598 2909 1706 2966 pectore
1736 2894 1857 2962 lenens,
1884 2897 1946 2952 tilis

649 3027 776 3068 mmm·
1156 2991 1265 3059 quidem
1287 2990 1387 3061 passim
1413 2989 1606 3045 contuentibus
1629 2989 1818 3059 nullarumque
1846 2990 1944 3048 ririum

397 3100 732 3172 monumentumque
745 3101 1014 3158 munientium.
1156 3097 1305 3154 apparens,
1334 3080 1381 3137 sed
1405 3081 1657 3153 pessumarum
1681 3080 1746 3152 quid
1771 3081 1846 3136 tutus
1869 3089 1947 3153 gene

351 3191 384 3246 lu
395 3192 443 3247 iiio
455 3202 569 3265 ternpore
582 3193 648 3248 dicit
671 3193 748 3248 derne
761 3193 896 3263 discipulis
910 3196 965 3249 ertit
978 3207 988 3246 .·
1001 3193 1105 3265 impor—
1156 3174 1310 3230 mindens·
1331 3173 1385 3229 5⁰1¹
1405 3183 1433 3228 ⁰²
1452 3173 1600 3228 mnndum
1620 3173 1691 3243 (1¹¹0(¹
1707 3188 1821 3246 limium
1843 3172 1945 3242 ⁸5¹¹an

318 3283 388 3339 tibile
398 3295 436 3340 eet
452 3294 481 3339 att
495 3301 547 3339 nott
562 3285 665 3340 veniunt
675 3284 802 3340 scandula
812 3299 821 3337 .·
831 3302 870 3341 uae
893 3297 981 3342 autem
1001 3286 1040 3340 iili
1060 3305 1106 3357 per
1157 3267 1190 3322 θ’]
1205 3266 1392 3339 D¹¹f8³¹l⁰¹¹⁰¹¹¹
1407 3266 1504 3335 eil)itis
1514 3264 1690 3321 ⁸²¹⁰b⁰lllm0
1700 3265 1820 3335 Ρΐθῦθὸῑ,
1843 3282 1905 3323 nant
1920 3268 1944 3324 δί

320 3376 584 3442 mmmmm,
1157 3359 1257 3432 optimc
1275 3357 1368 3413 tritum
1391 3365 1419 3412 et
1441 3355 1610 3411 cribellatum
1633 3355 1721 3426 tepide
1742 3355 1834 3429 pingui
1858 3355 1946 3414 mulso

354 3464 423 3521 Dicit
437 3463 628 3536 coapostolus,
647 3466 753 3538 Oportet
767 3479 855 3523 autem
866 3477 890 3523 et
903 3468 1013 3524 detereret
1037 3488 1103 3529 erac.
1118 3510 1141 3572 C
1157 3449 1317 3511 misceas·
1338 3453 1366 3502 θ*
1378 3446 1430 3501 ¹¹⁰⁰
1448 3444 1557 3516 ieiunus
1569 3454 1664 3501 ⁰⁰¹¹²¹²
1674 3445 1759 3501 ⁸⁰¹⁰¹¹¹
1775 3446 1891 3503 calidum
1903 3447 1944 3503 V⁰¹

325 3556 399 3626 ecqui
411 3555 516 3627 protare
536 3567 595 3611 mr
618 3557 749 3627 „puppup
766 3557 831 3626 pam
853 3560 880 3613 p„
902 3559 981 3615 „0pr
1004 3559 1105 3629 1,an
1159 3540 1185 3594 iu
1195 3539 1291 3595 balneo
1299 3540 1462 3611 gargarizes,
1470 3552 1577 3594 omnem
1588 3539 1728 3594 heumorem
1736 3540 1946 3607 noxium,etiaru

326 3644 394 3703 sibile
418 3660 484 3718 ergo
504 3646 531 3701 in
565 3647 617 3704 1100
644 3649 745 3704 mundo
769 3651 907 3706 erroribus
925 3654 1106 3722 aefumnpsque
1156 3634 1178 3688 si
1196 3633 1315 3687 crassior
1330 3630 1419 3692 luerit,
1432 3630 1466 3686 dc
1487 3631 1574 3700 capite
1596 3638 1694 3701 purgat
1706 3640 1734 3686 et
1746 3630 1944 3688 imminentium

327 3736 474 3804 purissimo
502 3737 630 3794 scandala
657 3739 807 3809 saeppssime
834 3756 887 3796 „0ss
919 3743 1031 3807 venire,
1061 3744 1105 3797 ,ep
1156 3740 1264 3796 qnoque
1289 3723 1502 3778 imbecillitatum
1533 3722 1598 3777 iacit
1629 3723 1747 3795 pericula
1778 3725 1870 3781 uitari.
1899 3723 1947 3782 Sic

328 3825 421 3891 tertii,
441 3828 487 3897 qui
513 3828 586 3897 quoq
610 3827 775 3898 impossihile
798 3838 839 3883 esc
867 3845 920 3884 110„
946 3830 1038 3885 venire
1056 3847 1107 3886 3⁰0
1156 3816 1276 3887 proiecto
1290 3814 1357 3870 fides
1372 3815 1548 3870 tentationum
1568 3813 1669 3885 pistillo
1678 3814 1801 3885 probata,
1825 3817 1859 3872 ab
1870 3817 1944 3872 omui

328 3916 384 3971 citio
405 3916 482 3982 lacit,
513 3925 543 3971 ut
561 3932 609 3987 per
630 3931 659 3971 se
682 3916 772 3972 ueniat
799 3917 843 3973 ubi
879 3920 1002 3988 quamvis
1028 3935 1107 3991 gene-
1157 3915 1256 3970 leuium
1281 3910 1475 3986 cogitationum
1502 3910 1645 3980 superlicio
1669 3909 1744 3965 eribo
1774 3910 1945 3965 discretionis

330 4006 368 4062 tali
382 4006 566 4088 tcctteutiapel
583 4006 679 4077 aliquis
694 4005 776 4062 salsus
787 4006 879 4072 irater,
895 4008 937 4064 uel
956 4009 1012 4080 ipse
1024 4008 1107 4065 laudas
1158 4010 1305 4079 castigata,
1331 4016 1359 4061 et
1380 4005 1507 4077 perlectae
1530 4002 1682 4060 dilectionis
1707 4001 1786 4058 melle
1806 4001 1944 4058 dulcorata

331 4097 369 4165 qui
381 4094 528 4168 proditioni
551 4095 670 4152 animum
690 4099 857 4169 praeparabat
883 4098 994 4174 intelligi
1013 4109 1106 4171 queat,
1158 4099 1399 4163 omuescleeordc,
1424 4096 1547 4167 quodcst
1565 4094 1704 4150 interioris
1718 4094 1803 4174 nostri
1828 4094 1947 4152 hominis

330 4197 409 4244 nmen
428 4186 508 4257 iuxta
525 4186 749 4256 consequentiam
761 4188 894 4243 sermonis
914 4189 958 4245 trie
977 4190 1053 4245 locus
1074 4191 1108 4246 ad
1159 4197 1251 4261 caput,
1276 4188 1403 4244 uitiorum
1428 4185 1560 4250 sentinas,
1587 4200 1640 4239 nou
1662 4185 1750 4240 solum
1773 4182 1806 4238 ad
1824 4198 1945 4254 presens

327 4280 458 4349 superiora
472 4278 592 4349 respicit,
604 4278 649 4332 ubi
659 4277 830 4333 Domiuusde
840 4279 1108 4353 eleemosynadauda
1159 4279 1300 4344 exhaurit,
1325 4276 1373 4332 scd
1396 4275 1474 4332 etin
1499 4272 1619 4330 luterum
1638 4289 1673 4329 ne
1697 4273 1816 4347 recolligi
1840 4273 1949 4332 taleam

325 4366 460 4426 lectitata
482 4367 628 4423 Phariseis
653 4368 789 4424 irridetur.
813 4367 864 4436 Qui
883 4369 957 4424 enim
982 4379 1054 4426 recta
1070 4372 1109 4427 lo
1159 4375 1302 4439 praecavet.
1328 4365 1515 4421 llrborautem
1528 4361 1792 4419 moruseradicauda
1806 4363 1870 4419 etin
1888 4379 1946 4419 ma-

323 4468 445 4530 quartem
453 4458 600 4529 vituperat,
607 4457 898 4528 seandalnmprolecto,
907 4458 934 4513 id
941 4458 1110 4526 estolicmii-
1132 4517 1134 4522 ,
1160 4473 1190 4514 re
1202 4453 1422 4526 transplantanda
1435 4452 1478 4508 tel
1495 4451 1653 4523 simpliciter
1666 4452 1753 4522 posita
1768 4461 1854 4524 potest
1868 4452 1948 4509 intel-

324 4551 443 4608 mlumet
454 4549 562 4606 ruinam
570 4548 736 4605 auditoribus
748 4549 849 4619 prebet
863 4550 1110 4617 infirmis,maxime
1160 4548 1217 4620 ligi,
1239 4546 1310 4617 qued
1327 4543 1453 4600 uidelicet
1476 4552 1670 4598 consummatae
1682 4542 1742 4598 lirici
1761 4542 1891 4597 indicium
1911 4544 1948 4599 sit

322 4643 345 4698 ai
360 4643 454 4713 etipse
464 4656 526 4697 cum
537 4638 758 4712 Phariaaeislegis
769 4641 890 4695 uideatur
906 4641 1006 4700 babere
1020 4643 1108 4699 scien-
1160 4640 1244 4696 uerbo
1258 4637 1398 4693 elementis
1417 4636 1561 4706 imperare,
1577 4632 1685 4703 utqnod
1700 4631 1734 4687 de
1756 4647 1810 4687 uno
1822 4632 1946 4704 speciali-

322 4730 397 4786 tiam.
407 4731 493 4799 Quem
499 4729 641 4800 increpans
650 4727 794 4800 aposolus
801 4729 849 4799 ait,
855 4739 878 4784 et
885 4730 977 4800 peribit
989 4731 1109 4801 infirmer
1162 4740 1204 4786 ter
1214 4729 1315 4787 dictum
1327 4735 1379 4793 est,
1394 4727 1444 4781 boc
1455 4722 1617 4797 generaliter
1638 4721 1672 4776 de
1686 4720 1810 4777 omuibus
1830 4720 1948 4780 sentietu-

320 4816 1107 4891 t’rttrtoreientiusruterpropterquemChristusmortrtrtteet.
1160 4820 1224 4876 dum
1238 4820 1374 4876 credatur.

358 4910 456 4967 litilr'rtt
484 4921 522 4967 ert
539 4910 580 4966 iiii
605 4910 627 4964 ti
653 4908 721 4980 lupia
737 4907 845 4963 molaria
863 4910 1012 4979 imponetur
1037 4871 1149 4964 circen
1197 4910 1262 4977 Quis
1284 4917 1370 4963 autent
1389 4916 1514 4970 acetrum,
1525 4902 1621 4956 debent
1643 4917 1745 4956 ternum
1766 4912 1885 4957 orontem
1899 4895 1946 4959 dttt

320 5000 416 5056 collant
428 5001 499 5072 ejus,
513 5009 537 5055 et
545 4999 700 5072 projicietur
717 4999 745 5054 itt
759 5015 841 5062 more,
855 5015 933 5069 quoru
950 5009 978 5053 ut
996 5000 1108 5054 rouredo·
1159 5012 1305 5072 parcentem
1319 5000 1332 5052 t
1350 4997 1414 5052 llaec
1426 4993 1553 5067 parabola
1568 4994 1646 5049 docet
1657 4999 1688 5051 ut
1698 4991 1765 5048 lldes
1776 5007 1830 5064 qno
1856 4994 1948 5073 ¹virtu-

323 5090 473 5146 tiretrtnttttt
492 5088 641 5161 deputiiiir
661 5091 729 5145 irtio.
747 5088 898 5145 Secundum
923 5106 1026 5146 tuorem
1047 5106 1110 5164 pro-
1162 5093 1234 5148 tibus
1248 5090 1315 5145 ioris
1333 5085 1517 5152 excellentior,
1532 5099 1566 5141 eo
1595 5085 1623 5139 in
1644 5084 1702 5156 ipsa
1716 5082 1880 5139 conscientia
1901 5082 1950 5137 lat

324 5180 415 5239 umiae
429 5181 560 5253 loquitur,
571 5181 643 5251 qued
657 5181 789 5252 majorum
808 5181 953 5237 criminum
974 5183 1025 5237 ista
1041 5186 1111 5254 apud
1162 5183 1236 5239 intus
1253 5178 1390 5236 humilior.
1413 5175 1514 5231 Seruus
1536 5175 1636 5245 quippe
1658 5188 1739 5229 araus
1755 5180 1801 5228 ant
1820 5187 1948 5243 pascens,

324 5286 427 5332 rotaret
436 5272 545 5331 tudem
558 5288 638 5345 poeua
652 5271 746 5339 luerit,
762 5281 792 5327 ut
804 5272 831 5327 iu
844 5272 1007 5344 protundum
1026 5273 1110 5345 ligato
1161 5272 1275 5345 quilibet
1289 5268 1416 5326 Ecclesiae
1430 5267 1525 5322 doctor
1546 5264 1715 5338 intelligitur,
1742 5263 1777 5321 de
1790 5277 1846 5336 quo
1857 5263 1951 5323 Douri-

325 5378 387 5422 tato
398 5366 632 5437 demergerentur,
652 5374 681 5421 et
701 5379 795 5421 reuera
812 5364 958 5420 utiliuscst
970 5366 1109 5421 innoxium
1160 5380 1212 5421 nus
1224 5364 1282 5419 ait:
1300 5361 1385 5417 Nemo
1397 5360 1499 5414 mittent
1523 5372 1630 5411 neonem
1650 5371 1726 5410 ruem
1739 5355 1767 5411 in
1780 5364 1900 5409 aratrum
1925 5362 1951 5409 et

327 5458 534 5530 ueraquarmis
547 5456 728 5523 atrocissima,
740 5457 902 5528 temporaria
914 5457 1110 5523 tamcu,t·itam
1161 5452 1288 5525 repiciens
1309 5460 1377 5504 retro
1389 5458 1465 5519 optut
1483 5456 1521 5502 eet
1536 5461 1625 5517 regno
1647 5442 1707 5500 Dci.
1730 5443 1764 5500 Et
1787 5443 1865 5499 alteri
1886 5456 1946 5498 sese

264 5609 266 5614 ,
329 5548 400 5605 tetre
429 5563 590 5620 corpoream
615 5562 697 5620 quam
726 5547 804 5603 tratri
828 5555 969 5604 nocentem
996 5556 1110 5602 mortem
1162 5556 1255 5600 amare
1267 5540 1389 5604 testanti,
1406 5538 1487 5594 tertio
1505 5536 1644 5608 respoudit
1660 5553 1667 5589 :
1682 5532 1766 5588 Parce
1782 5547 1842 5588 ouer
1855 5547 1936 5586 ment.

330 5642 417 5699 ruiuae
440 5642 539 5698 menri
554 5650 722 5713 perpetuam.
742 5640 872 5694 Attendite
887 5638 968 5704 uobis,
987 5640 1010 5694 ri
1021 5655 1113 5710 pecco·
1199 5631 1250 5698 Qui
1263 5644 1377 5698 represso
1391 5628 1423 5681 de
1442 5626 1583 5697 uprodicct
1597 5622 1654 5679 illl:
1678 5620 1775 5679 Statim
1793 5620 1888 5684 tronti,
1909 5632 1949 5672 re-

331 5736 384 5788 rrrit
397 5735 425 5789 itt
434 5744 461 5790 te
468 5734 629 5804 intertum,
643 5730 853 5802 increpantium
867 5738 891 5784 et
900 5731 924 5783 ri
935 5730 1112 5799 penitentiam
1165 5725 1271 5789 rumim
1297 5732 1321 5776 et
1340 5737 1392 5775 non
1406 5719 1511 5774 dicetei
1528 5734 1539 5773 .·
1552 5733 1617 5788 paro
1636 5715 1705 5788 quod
1726 5729 1831 5769 etonem.
1856 5708 1950 5767 Serius

329 5826 412 5894 egerit,
435 5823 537 5879 denote
556 5820 607 5878 illi.
631 5820 695 5878 Tale
719 5821 783 5890 quid
804 5831 833 5875 et
858 5817 884 5874 iu
905 5817 1114 5874 Deuteronomio
1164 5816 1198 5871 de
1211 5828 1276 5885 agro
1290 5809 1441 5881 regreditur
1452 5824 1514 5865 cum
1531 5807 1687 5864 intermisso
1698 5804 1733 5860 ad
1749 5813 1856 5873 tempus
1867 5813 1949 5872 opere

330 5907 450 5988 hamno,
465 5910 507 5969 tte
536 5912 623 5969 oderit
652 5910 763 5981 tratrem
789 5919 862 5964 tuum
892 5909 919 5963 iu
943 5909 1020 5963 corde
1050 5918 1112 5972 tuo,
1164 5903 1339 5977 praedicandi,
1354 5900 1388 5955 ael
1401 5899 1596 5957 conscientiam
1608 5900 1702 5953 doctor
1718 5893 1845 5958 mouerit,
1868 5898 1950 5962 atque

325 6004 368 6058 ’τί
381 6002 484 6074 pellice
507 6018 589 6075 erpere
602 6018 672 6068 eunt,
691 6017 723 6055 ne
746 6000 841 6054 dulcor
860 6016 937 6071 anper
953 5998 999 6051 illo
1022 6015 1113 6070 pecca·
1164 5995 1300 6069 apublico
1315 5993 1458 6050 locutionis
1479 5992 1512 6048 ad
1537 5990 1641 6047 curiam
1661 5986 1751 6043 coedit
1773 5984 1881 6042 redimi
1902 5998 1951 6044 toa

329 6102 388 6151 totu.
398 6094 458 6165 Quo
468 6092 651 6166 igiturordiue
662 6091 787 6148 seandala
801 6090 946 6157 declinare,
959 6097 985 6144 et
1000 6105 1040 6144 tte
1052 6104 1113 6160 per·
1165 6103 1256 6144 seeum
1280 6096 1412 6150 κατεῖπε,
1436 6094 1496 6140 acta
1517 6082 1559 6136 rel
1586 6081 1657 6134 dieta
1678 6082 1816 6133 retraeut.
1835 6075 1952 6134 Gulnon
