<?xml version="1.0" encoding="UTF-8"?>
<!DOCTYPE html PUBLIC "-//W3C//DTD XHTML 1.0 Transitional//EN"
    "http://www.w3.org/TR/xhtml1/DTD/xhtml1-transitional.dtd">
<html xmlns="http://www.w3.org/1999/xhtml" xml:lang="en" lang="en">
 <head>
  <title>
</title>
<meta http-equiv="Content-Type" content="text/html;charset=utf-8" />
  <meta name='ocr-system' content='tesseract 3.04.00' />
  <meta name='ocr-capabilities' content='ocr_page ocr_carea ocr_par ocr_line ocrx_word'/>
</head>
<body>
  <div class='ocr_page' id='page_1' title='image "./patrologiaecurs95unkngoog_0047.png"; bbox 0 0 4500 6842; ppageno 0'>
   <div class='ocr_carea' id='block_1_1' title="bbox 307 619 1940 721">
    <p class='ocr_par' dir='ltr' id='par_1_1' title="bbox 307 619 1940 721">
     <span class='ocr_line' id='line_1_1' title="bbox 307 619 1940 721; baseline -0.032 1"><span class='ocrx_word' id='word_1_1' title='bbox 307 663 340 721; x_wconf 65' lang='lat' dir='ltr'>s*</span> <span class='ocrx_word' id='word_1_2' title='bbox 642 647 645 653; x_wconf 84' lang='grc'><strong>’</strong></span> <span class='ocrx_word' id='word_1_3' title='bbox 783 644 935 703; x_wconf 76' lang='lat' dir='ltr'>nolttttAE</span> <span class='ocrx_word' id='word_1_4' title='bbox 955 644 1000 699; x_wconf 79' lang='lat' dir='ltr'>ott</span> <span class='ocrx_word' id='word_1_5' title='bbox 1019 639 1140 697; x_wconf 77' lang='lat' dir='ltr'>FESTlS</span> <span class='ocrx_word' id='word_1_6' title='bbox 1158 637 1366 704; x_wconf 70' lang='lat' dir='ltr'>etttcwtttS,</span> <span class='ocrx_word' id='word_1_7' title='bbox 1389 635 1463 692; x_wconf 68' lang='grc' dir='ltr'>ΕΠΖ.</span> <span class='ocrx_word' id='word_1_8' title='bbox 1606 619 1609 625; x_wconf 66' lang='grc'><strong>’</strong></span> <span class='ocrx_word' id='word_1_9' title='bbox 1903 630 1940 688; x_wconf 71' lang='lat' dir='ltr'>gg</span> 
     </span>
    </p>
   </div>
   <div class='ocr_carea' id='block_1_2' title="bbox 304 743 1939 931">
    <p class='ocr_par' dir='ltr' id='par_1_2' title="bbox 304 743 1939 931">
     <span class='ocr_line' id='line_1_2' title="bbox 304 743 1939 837; baseline -0.015 -12"><span class='ocrx_word' id='word_1_10' title='bbox 304 781 328 825; x_wconf 80' lang='lat' dir='ltr'>et</span> <span class='ocrx_word' id='word_1_11' title='bbox 337 772 486 837; x_wconf 68' lang='lat' dir='ltr'>proximum</span> <span class='ocrx_word' id='word_1_12' title='bbox 496 763 525 837; x_wconf 87' lang='lat' dir='ltr'>(i</span> <span class='ocrx_word' id='word_1_13' title='bbox 531 761 613 819; x_wconf 70' lang='lat' dir='ltr'>loen.</span> <span class='ocrx_word' id='word_1_14' title='bbox 626 759 674 832; x_wconf 77' lang='lat' dir='ltr'>tr).</span> <span class='ocrx_word' id='word_1_15' title='bbox 684 756 712 814; x_wconf 89' lang='lat' dir='ltr'>Si</span> <span class='ocrx_word' id='word_1_16' title='bbox 722 757 926 829; x_wconf 84' lang='lat' dir='ltr'>sorteqoislibet</span> <span class='ocrx_word' id='word_1_17' title='bbox 934 752 1104 827; x_wconf 72' lang='lat' dir='ltr'>quaeratquis</span> <span class='ocrx_word' id='word_1_18' title='bbox 1117 756 1141 815; x_wconf 81' lang='lat' dir='ltr'>A</span> <span class='ocrx_word' id='word_1_19' title='bbox 1156 759 1276 819; x_wconf 86' lang='lat' dir='ltr'>netrare,</span> <span class='ocrx_word' id='word_1_20' title='bbox 1299 757 1360 804; x_wconf 86' lang='lat' dir='ltr'>tene</span> <span class='ocrx_word' id='word_1_21' title='bbox 1383 748 1555 811; x_wconf 85' lang='lat' dir='ltr'>charitatem,</span> <span class='ocrx_word' id='word_1_22' title='bbox 1572 744 1615 799; x_wconf 89' lang='lat' dir='ltr'>ubi</span> <span class='ocrx_word' id='word_1_23' title='bbox 1635 744 1753 814; x_wconf 89' lang='lat' dir='ltr'>pendent</span> <span class='ocrx_word' id='word_1_24' title='bbox 1774 743 1885 799; x_wconf 88' lang='lat' dir='ltr'>omnia:</span> <span class='ocrx_word' id='word_1_25' title='bbox 1902 747 1939 802; x_wconf 74' lang='lat' dir='ltr'>ita</span> 
     </span>
     <span class='ocr_line' id='line_1_3' title="bbox 305 836 1938 931; baseline -0.018 -14"><span class='ocrx_word' id='word_1_26' title='bbox 305 858 504 931; x_wconf 73' lang='lat' dir='ltr'>sttproainrus,</span> <span class='ocrx_word' id='word_1_27' title='bbox 519 853 588 908; x_wconf 91' lang='lat' dir='ltr'>sciat</span> <span class='ocrx_word' id='word_1_28' title='bbox 600 846 902 905; x_wconf 72' lang='lat' dir='ltr'>ominemeristiaoom</span> <span class='ocrx_word' id='word_1_29' title='bbox 917 851 990 899; x_wconf 91' lang='lat' dir='ltr'>reete</span> <span class='ocrx_word' id='word_1_30' title='bbox 1005 841 1097 913; x_wconf 84' lang='lat' dir='ltr'>proxi-</span> <span class='ocrx_word' id='word_1_31' title='bbox 1148 840 1253 897; x_wconf 91' lang='lat' dir='ltr'>tenebis</span> <span class='ocrx_word' id='word_1_32' title='bbox 1269 854 1330 910; x_wconf 76' lang='lat' dir='ltr'>quae</span> <span class='ocrx_word' id='word_1_33' title='bbox 1354 838 1391 893; x_wconf 91' lang='lat' dir='ltr'>ibi</span> <span class='ocrx_word' id='word_1_34' title='bbox 1412 836 1545 903; x_wconf 75' lang='lat' dir='ltr'>didicisti,</span> <span class='ocrx_word' id='word_1_35' title='bbox 1564 837 1668 891; x_wconf 78' lang='lat' dir='ltr'>tenebis</span> <span class='ocrx_word' id='word_1_36' title='bbox 1690 836 1771 889; x_wconf 91' lang='lat' dir='ltr'>etiam</span> <span class='ocrx_word' id='word_1_37' title='bbox 1791 838 1862 906; x_wconf 89' lang='lat' dir='ltr'>qnod</span> <span class='ocrx_word' id='word_1_38' title='bbox 1885 850 1938 892; x_wconf 82' lang='lat' dir='ltr'>riou</span> 
     </span>
    </p>
   </div>
   <div class='ocr_carea' id='block_1_3' title="bbox 286 930 1941 4910">
    <p class='ocr_par' dir='ltr' id='par_1_3' title="bbox 304 930 1941 2378">
     <span class='ocr_line' id='line_1_4' title="bbox 306 930 1938 1015; baseline -0.012 -9"><span class='ocrx_word' id='word_1_39' title='bbox 306 966 375 1007; x_wconf 82' lang='lat' dir='ltr'>tttttttt</span> <span class='ocrx_word' id='word_1_40' title='bbox 391 947 458 1012; x_wconf 88' lang='lat' dir='ltr'>diei,</span> <span class='ocrx_word' id='word_1_41' title='bbox 470 945 534 1015; x_wconf 85' lang='lat' dir='ltr'>quia</span> <span class='ocrx_word' id='word_1_42' title='bbox 551 955 645 996; x_wconf 86' lang='lat' dir='ltr'>tirones</span> <span class='ocrx_word' id='word_1_43' title='bbox 659 938 686 993; x_wconf 91' lang='lat' dir='ltr'>in</span> <span class='ocrx_word' id='word_1_44' title='bbox 698 937 833 1008; x_wconf 88' lang='lat' dir='ltr'>baptismo</span> <span class='ocrx_word' id='word_1_45' title='bbox 851 936 898 990; x_wconf 85' lang='lat' dir='ltr'>dlii</span> <span class='ocrx_word' id='word_1_46' title='bbox 913 934 961 990; x_wconf 83' lang='lat' dir='ltr'>oei</span> <span class='ocrx_word' id='word_1_47' title='bbox 978 932 1098 990; x_wconf 88' lang='lat' dir='ltr'>sanctiti-</span> <span class='ocrx_word' id='word_1_48' title='bbox 1148 933 1276 990; x_wconf 77' lang='lat' dir='ltr'>didicisti.</span> <span class='ocrx_word' id='word_1_49' title='bbox 1302 931 1331 986; x_wconf 94' lang='lat' dir='ltr'>Si</span> <span class='ocrx_word' id='word_1_50' title='bbox 1355 931 1427 986; x_wconf 89' lang='lat' dir='ltr'>enim</span> <span class='ocrx_word' id='word_1_51' title='bbox 1450 931 1521 985; x_wconf 89' lang='lat' dir='ltr'>nosti</span> <span class='ocrx_word' id='word_1_52' title='bbox 1543 931 1718 994; x_wconf 88' lang='lat' dir='ltr'>charitatem,</span> <span class='ocrx_word' id='word_1_53' title='bbox 1742 930 1844 1001; x_wconf 78' lang='lat' dir='ltr'>aliquid</span> <span class='ocrx_word' id='word_1_54' title='bbox 1866 930 1938 986; x_wconf 87' lang='lat' dir='ltr'>nosti</span> 
     </span>
     <span class='ocr_line' id='line_1_5' title="bbox 304 1021 1940 1103; baseline -0.009 -9"><span class='ocrx_word' id='word_1_55' title='bbox 304 1054 406 1103; x_wconf 83' lang='lat' dir='ltr'>camur,</span> <span class='ocrx_word' id='word_1_56' title='bbox 420 1043 447 1088; x_wconf 88' lang='lat' dir='ltr'>ut</span> <span class='ocrx_word' id='word_1_57' title='bbox 463 1034 562 1087; x_wconf 81' lang='lat' dir='ltr'>iratres</span> <span class='ocrx_word' id='word_1_58' title='bbox 575 1031 658 1084; x_wconf 83' lang='lat' dir='ltr'>siious</span> <span class='ocrx_word' id='word_1_59' title='bbox 671 1027 829 1098; x_wconf 88' lang='lat' dir='ltr'>spiritaliter</span> <span class='ocrx_word' id='word_1_60' title='bbox 847 1027 873 1080; x_wconf 91' lang='lat' dir='ltr'>in</span> <span class='ocrx_word' id='word_1_61' title='bbox 894 1025 1025 1079; x_wconf 81' lang='lat' dir='ltr'>charitate</span> <span class='ocrx_word' id='word_1_62' title='bbox 1036 1037 1098 1094; x_wconf 89' lang='lat' dir='ltr'>per·</span> <span class='ocrx_word' id='word_1_63' title='bbox 1147 1023 1219 1079; x_wconf 89' lang='lat' dir='ltr'>unde</span> <span class='ocrx_word' id='word_1_64' title='bbox 1233 1031 1260 1078; x_wconf 85' lang='lat' dir='ltr'>et</span> <span class='ocrx_word' id='word_1_65' title='bbox 1272 1021 1336 1076; x_wconf 88' lang='lat' dir='ltr'>iliad</span> <span class='ocrx_word' id='word_1_66' title='bbox 1360 1021 1459 1092; x_wconf 82' lang='lat' dir='ltr'>pendet</span> <span class='ocrx_word' id='word_1_67' title='bbox 1474 1021 1546 1090; x_wconf 81' lang='lat' dir='ltr'>qitod</span> <span class='ocrx_word' id='word_1_68' title='bbox 1561 1021 1631 1077; x_wconf 91' lang='lat' dir='ltr'>iorte</span> <span class='ocrx_word' id='word_1_69' title='bbox 1649 1037 1702 1077; x_wconf 94' lang='lat' dir='ltr'>non</span> <span class='ocrx_word' id='word_1_70' title='bbox 1722 1023 1811 1088; x_wconf 85' lang='lat' dir='ltr'>nosti;</span> <span class='ocrx_word' id='word_1_71' title='bbox 1826 1028 1853 1077; x_wconf 95' lang='lat' dir='ltr'>et</span> <span class='ocrx_word' id='word_1_72' title='bbox 1867 1023 1894 1077; x_wconf 89' lang='lat' dir='ltr'>in</span> <span class='ocrx_word' id='word_1_73' title='bbox 1905 1035 1940 1079; x_wconf 85' lang='lat' dir='ltr'>eo</span> 
     </span>
     <span class='ocr_line' id='line_1_6' title="bbox 306 1109 1938 1192; baseline -0.011 -7"><span class='ocrx_word' id='word_1_74' title='bbox 306 1132 385 1185; x_wconf 79' lang='lat' dir='ltr'>icem.</span> <span class='ocrx_word' id='word_1_75' title='bbox 407 1127 532 1183; x_wconf 84' lang='lat' dir='ltr'>Nobilior</span> <span class='ocrx_word' id='word_1_76' title='bbox 553 1131 595 1178; x_wconf 90' lang='grc' dir='ltr'>εει</span> <span class='ocrx_word' id='word_1_77' title='bbox 611 1119 749 1192; x_wconf 86' lang='lat' dir='ltr'>generatio</span> <span class='ocrx_word' id='word_1_78' title='bbox 762 1118 892 1188; x_wconf 88' lang='lat' dir='ltr'>spiritalis</span> <span class='ocrx_word' id='word_1_79' title='bbox 906 1132 987 1187; x_wconf 88' lang='lat' dir='ltr'>quam</span> <span class='ocrx_word' id='word_1_80' title='bbox 1001 1130 1098 1172; x_wconf 88' lang='lat' dir='ltr'>earna-</span> <span class='ocrx_word' id='word_1_81' title='bbox 1147 1113 1218 1184; x_wconf 86' lang='lat' dir='ltr'>quod</span> <span class='ocrx_word' id='word_1_82' title='bbox 1236 1112 1264 1167; x_wconf 95' lang='lat' dir='ltr'>in</span> <span class='ocrx_word' id='word_1_83' title='bbox 1278 1109 1426 1182; x_wconf 85' lang='lat' dir='ltr'>Scripturis</span> <span class='ocrx_word' id='word_1_84' title='bbox 1451 1110 1587 1182; x_wconf 88' lang='lat' dir='ltr'>intelligis,</span> <span class='ocrx_word' id='word_1_85' title='bbox 1611 1112 1732 1167; x_wconf 90' lang='lat' dir='ltr'>ebaritas</span> <span class='ocrx_word' id='word_1_86' title='bbox 1752 1120 1842 1182; x_wconf 90' lang='lat' dir='ltr'>patet;</span> <span class='ocrx_word' id='word_1_87' title='bbox 1862 1120 1890 1167; x_wconf 90' lang='lat' dir='ltr'>et</span> <span class='ocrx_word' id='word_1_88' title='bbox 1910 1111 1938 1168; x_wconf 85' lang='lat' dir='ltr'>in</span> 
     </span>
     <span class='ocr_line' id='line_1_7' title="bbox 306 1202 1940 1290; baseline -0.012 -14"><span class='ocrx_word' id='word_1_89' title='bbox 306 1225 346 1285; x_wconf 86' lang='lat' dir='ltr'>lis,</span> <span class='ocrx_word' id='word_1_90' title='bbox 360 1223 392 1276; x_wconf 86' lang='lat' dir='ltr'>de</span> <span class='ocrx_word' id='word_1_91' title='bbox 412 1236 465 1290; x_wconf 78' lang='lat' dir='ltr'>nna</span> <span class='ocrx_word' id='word_1_92' title='bbox 485 1219 513 1272; x_wconf 92' lang='lat' dir='ltr'>in</span> <span class='ocrx_word' id='word_1_93' title='bbox 532 1214 678 1287; x_wconf 77' lang='lat' dir='ltr'>Evangelio</span> <span class='ocrx_word' id='word_1_94' title='bbox 697 1213 754 1282; x_wconf 91' lang='lat' dir='ltr'>ipsa</span> <span class='ocrx_word' id='word_1_95' title='bbox 772 1211 879 1268; x_wconf 86' lang='lat' dir='ltr'>Veritas</span> <span class='ocrx_word' id='word_1_96' title='bbox 895 1212 950 1266; x_wconf 90' lang='lat' dir='ltr'>ait:</span> <span class='ocrx_word' id='word_1_97' title='bbox 971 1208 1098 1281; x_wconf 72' lang='lat' dir='ltr'>diripuit</span> <span class='ocrx_word' id='word_1_98' title='bbox 1147 1219 1181 1260; x_wconf 84' lang='lat' dir='ltr'>co</span> <span class='ocrx_word' id='word_1_99' title='bbox 1196 1204 1268 1275; x_wconf 88' lang='lat' dir='ltr'>qnod</span> <span class='ocrx_word' id='word_1_100' title='bbox 1281 1216 1333 1258; x_wconf 94' lang='lat' dir='ltr'>non</span> <span class='ocrx_word' id='word_1_101' title='bbox 1352 1202 1489 1273; x_wconf 86' lang='lat' dir='ltr'>intelligis,</span> <span class='ocrx_word' id='word_1_102' title='bbox 1505 1203 1625 1258; x_wconf 90' lang='lat' dir='ltr'>ebaritas</span> <span class='ocrx_word' id='word_1_103' title='bbox 1644 1203 1718 1258; x_wconf 92' lang='lat' dir='ltr'>latet.</span> <span class='ocrx_word' id='word_1_104' title='bbox 1732 1203 1779 1259; x_wconf 90' lang='lat' dir='ltr'>ille</span> <span class='ocrx_word' id='word_1_105' title='bbox 1797 1204 1889 1274; x_wconf 86' lang='lat' dir='ltr'>itaque</span> <span class='ocrx_word' id='word_1_106' title='bbox 1901 1212 1940 1259; x_wconf 81' lang='lat' dir='ltr'>te·</span> 
     </span>
     <span class='ocr_line' id='line_1_8' title="bbox 306 1283 1938 1378; baseline -0.006 -19"><span class='ocrx_word' id='word_1_107' title='bbox 306 1283 409 1364; x_wconf 62' lang='lat' dir='ltr'>{eunius</span> <span class='ocrx_word' id='word_1_108' title='bbox 422 1309 501 1378; x_wconf 74' lang='lat' dir='ltr'>[uerit</span> <span class='ocrx_word' id='word_1_109' title='bbox 515 1323 548 1361; x_wconf 78' lang='lat' dir='ltr'>ea</span> <span class='ocrx_word' id='word_1_110' title='bbox 560 1322 628 1376; x_wconf 82' lang='lat' dir='ltr'>aquo</span> <span class='ocrx_word' id='word_1_111' title='bbox 651 1313 675 1357; x_wconf 86' lang='lat' dir='ltr'>et</span> <span class='ocrx_word' id='word_1_112' title='bbox 694 1302 796 1372; x_wconf 77' lang='lat' dir='ltr'>Spiritu</span> <span class='ocrx_word' id='word_1_113' title='bbox 816 1311 915 1365; x_wconf 77' lang='lat' dir='ltr'>iuncto,</span> <span class='ocrx_word' id='word_1_114' title='bbox 940 1317 991 1354; x_wconf 88' lang='lat' dir='ltr'>nou</span> <span class='ocrx_word' id='word_1_115' title='bbox 1015 1308 1097 1370; x_wconf 76' lang='lat' dir='ltr'>potent</span> <span class='ocrx_word' id='word_1_116' title='bbox 1147 1301 1194 1349; x_wconf 90' lang='lat' dir='ltr'>net</span> <span class='ocrx_word' id='word_1_117' title='bbox 1207 1303 1234 1347; x_wconf 92' lang='grc' dir='ltr'><strong>ει</strong></span> <span class='ocrx_word' id='word_1_118' title='bbox 1243 1293 1314 1363; x_wconf 84' lang='lat' dir='ltr'>qrtod</span> <span class='ocrx_word' id='word_1_119' title='bbox 1326 1300 1401 1363; x_wconf 87' lang='lat' dir='ltr'>patet</span> <span class='ocrx_word' id='word_1_120' title='bbox 1413 1301 1440 1347; x_wconf 92' lang='lat' dir='ltr'>et</span> <span class='ocrx_word' id='word_1_121' title='bbox 1449 1293 1520 1362; x_wconf 85' lang='lat' dir='ltr'>quod</span> <span class='ocrx_word' id='word_1_122' title='bbox 1535 1293 1599 1347; x_wconf 89' lang='lat' dir='ltr'>latet</span> <span class='ocrx_word' id='word_1_123' title='bbox 1611 1293 1639 1347; x_wconf 92' lang='lat' dir='ltr'>in</span> <span class='ocrx_word' id='word_1_124' title='bbox 1650 1293 1747 1349; x_wconf 82' lang='lat' dir='ltr'>divinis</span> <span class='ocrx_word' id='word_1_125' title='bbox 1759 1295 1938 1361; x_wconf 87' lang='lat' dir='ltr'>sennonibtts,</span> 
     </span>
     <span class='ocr_line' id='line_1_9' title="bbox 306 1384 1937 1466; baseline -0.009 -13"><span class='ocrx_word' id='word_1_126' title='bbox 306 1401 413 1453; x_wconf 84' lang='lat' dir='ltr'>introire</span> <span class='ocrx_word' id='word_1_127' title='bbox 432 1398 458 1450; x_wconf 88' lang='lat' dir='ltr'>in</span> <span class='ocrx_word' id='word_1_128' title='bbox 480 1411 589 1466; x_wconf 78' lang='lat' dir='ltr'>regnum</span> <span class='ocrx_word' id='word_1_129' title='bbox 603 1393 650 1447; x_wconf 87' lang='lat' dir='ltr'>Dei</span> <span class='ocrx_word' id='word_1_130' title='bbox 664 1393 755 1466; x_wconf 83' lang='lat' dir='ltr'>(loun.</span> <span class='ocrx_word' id='word_1_131' title='bbox 770 1393 822 1462; x_wconf 83' lang='lat' dir='ltr'>nr).</span> <span class='ocrx_word' id='word_1_132' title='bbox 842 1391 892 1457; x_wconf 88' lang='lat' dir='ltr'>Qui</span> <span class='ocrx_word' id='word_1_133' title='bbox 907 1397 995 1446; x_wconf 91' lang='lat' dir='ltr'>autem</span> <span class='ocrx_word' id='word_1_134' title='bbox 1007 1390 1098 1446; x_wconf 88' lang='lat' dir='ltr'>taliter</span> <span class='ocrx_word' id='word_1_135' title='bbox 1147 1386 1193 1458; x_wconf 86' lang='lat' dir='ltr'>qtri</span> <span class='ocrx_word' id='word_1_136' title='bbox 1208 1385 1370 1441; x_wconf 87' lang='lat' dir='ltr'>charitatem</span> <span class='ocrx_word' id='word_1_137' title='bbox 1388 1393 1463 1441; x_wconf 89' lang='lat' dir='ltr'>tenet</span> <span class='ocrx_word' id='word_1_138' title='bbox 1484 1385 1510 1438; x_wconf 90' lang='lat' dir='ltr'>in</span> <span class='ocrx_word' id='word_1_139' title='bbox 1525 1385 1657 1440; x_wconf 89' lang='lat' dir='ltr'>moribus.</span> <span class='ocrx_word' id='word_1_140' title='bbox 1680 1384 1859 1457; x_wconf 82' lang='lat' dir='ltr'>Quapropter,</span> <span class='ocrx_word' id='word_1_141' title='bbox 1881 1384 1937 1439; x_wconf 90' lang='lat' dir='ltr'>ira·</span> 
     </span>
     <span class='ocr_line' id='line_1_10' title="bbox 305 1477 1939 1561; baseline -0.008 -16"><span class='ocrx_word' id='word_1_142' title='bbox 305 1492 457 1561; x_wconf 82' lang='lat' dir='ltr'>proximum</span> <span class='ocrx_word' id='word_1_143' title='bbox 480 1486 634 1557; x_wconf 83' lang='lat' dir='ltr'>intelligens</span> <span class='ocrx_word' id='word_1_144' title='bbox 655 1483 752 1556; x_wconf 75' lang='lat' dir='ltr'>diligit,</span> <span class='ocrx_word' id='word_1_145' title='bbox 767 1483 826 1538; x_wconf 90' lang='lat' dir='ltr'>sine</span> <span class='ocrx_word' id='word_1_146' title='bbox 840 1481 922 1538; x_wconf 92' lang='lat' dir='ltr'>dubio</span> <span class='ocrx_word' id='word_1_147' title='bbox 937 1482 1096 1537; x_wconf 89' lang='lat' dir='ltr'>charitatem</span> <span class='ocrx_word' id='word_1_148' title='bbox 1148 1487 1205 1535; x_wconf 88' lang='lat' dir='ltr'>tres</span> <span class='ocrx_word' id='word_1_149' title='bbox 1219 1479 1384 1541; x_wconf 80' lang='lat' dir='ltr'>citatissimi,</span> <span class='ocrx_word' id='word_1_150' title='bbox 1394 1477 1535 1534; x_wconf 77' lang='lat' dir='ltr'>sectemini</span> <span class='ocrx_word' id='word_1_151' title='bbox 1547 1477 1729 1533; x_wconf 86' lang='lat' dir='ltr'>charitatem:</span> <span class='ocrx_word' id='word_1_152' title='bbox 1746 1478 1802 1549; x_wconf 84' lang='lat' dir='ltr'>ipsa</span> <span class='ocrx_word' id='word_1_153' title='bbox 1812 1477 1939 1532; x_wconf 84' lang='lat' dir='ltr'>videlicet</span> 
     </span>
     <span class='ocr_line' id='line_1_11' title="bbox 306 1568 1939 1646; baseline -0.008 -12"><span class='ocrx_word' id='word_1_154' title='bbox 306 1597 396 1636; x_wconf 83' lang='lat' dir='ltr'>reram</span> <span class='ocrx_word' id='word_1_155' title='bbox 411 1580 438 1635; x_wconf 90' lang='lat' dir='ltr'>in</span> <span class='ocrx_word' id='word_1_156' title='bbox 463 1576 610 1646; x_wconf 87' lang='lat' dir='ltr'>semetipso</span> <span class='ocrx_word' id='word_1_157' title='bbox 638 1572 750 1629; x_wconf 80' lang='lat' dir='ltr'>tenebit.</span> <span class='ocrx_word' id='word_1_158' title='bbox 780 1571 843 1627; x_wconf 88' lang='lat' dir='ltr'>llaec</span> <span class='ocrx_word' id='word_1_159' title='bbox 867 1572 961 1644; x_wconf 89' lang='lat' dir='ltr'>igitur,</span> <span class='ocrx_word' id='word_1_160' title='bbox 988 1570 1096 1637; x_wconf 90' lang='lat' dir='ltr'>iratres,</span> <span class='ocrx_word' id='word_1_161' title='bbox 1148 1583 1190 1628; x_wconf 90' lang='lat' dir='ltr'>est</span> <span class='ocrx_word' id='word_1_162' title='bbox 1211 1571 1287 1628; x_wconf 92' lang='lat' dir='ltr'>dulce</span> <span class='ocrx_word' id='word_1_163' title='bbox 1304 1586 1336 1626; x_wconf 94' lang='lat' dir='ltr'>ae</span> <span class='ocrx_word' id='word_1_164' title='bbox 1359 1569 1466 1625; x_wconf 86' lang='lat' dir='ltr'>salubre</span> <span class='ocrx_word' id='word_1_165' title='bbox 1486 1568 1622 1624; x_wconf 81' lang='lat' dir='ltr'>vinculum</span> <span class='ocrx_word' id='word_1_166' title='bbox 1646 1568 1786 1635; x_wconf 84' lang='lat' dir='ltr'>mentium,</span> <span class='ocrx_word' id='word_1_167' title='bbox 1807 1569 1865 1624; x_wconf 88' lang='lat' dir='ltr'>sine</span> <span class='ocrx_word' id='word_1_168' title='bbox 1885 1581 1939 1638; x_wconf 83' lang='lat' dir='ltr'>qna</span> 
     </span>
     <span class='ocr_line' id='line_1_12' title="bbox 306 1657 1939 1746; baseline -0.009 -17"><span class='ocrx_word' id='word_1_169' title='bbox 306 1675 446 1746; x_wconf 83' lang='lat' dir='ltr'>diligenter</span> <span class='ocrx_word' id='word_1_170' title='bbox 465 1669 644 1735; x_wconf 81' lang='lat' dir='ltr'>considerate,</span> <span class='ocrx_word' id='word_1_171' title='bbox 661 1677 759 1721; x_wconf 91' lang='lat' dir='ltr'>etcum</span> <span class='ocrx_word' id='word_1_172' title='bbox 777 1664 829 1720; x_wconf 85' lang='lat' dir='ltr'>fide</span> <span class='ocrx_word' id='word_1_173' title='bbox 848 1672 876 1719; x_wconf 93' lang='lat' dir='ltr'>et</span> <span class='ocrx_word' id='word_1_174' title='bbox 891 1663 1034 1719; x_wconf 88' lang='lat' dir='ltr'>dilectione</span> <span class='ocrx_word' id='word_1_175' title='bbox 1049 1675 1097 1716; x_wconf 81' lang='lat' dir='ltr'>rc·</span> <span class='ocrx_word' id='word_1_176' title='bbox 1148 1662 1223 1719; x_wconf 84' lang='lat' dir='ltr'>dives</span> <span class='ocrx_word' id='word_1_177' title='bbox 1237 1676 1340 1731; x_wconf 84' lang='lat' dir='ltr'>pauper</span> <span class='ocrx_word' id='word_1_178' title='bbox 1354 1671 1405 1725; x_wconf 86' lang='lat' dir='ltr'>est,</span> <span class='ocrx_word' id='word_1_179' title='bbox 1423 1667 1450 1715; x_wconf 91' lang='lat' dir='ltr'>et</span> <span class='ocrx_word' id='word_1_180' title='bbox 1464 1675 1525 1715; x_wconf 89' lang='lat' dir='ltr'>eum</span> <span class='ocrx_word' id='word_1_181' title='bbox 1540 1674 1592 1730; x_wconf 82' lang='lat' dir='ltr'>qua</span> <span class='ocrx_word' id='word_1_182' title='bbox 1607 1674 1708 1732; x_wconf 87' lang='lat' dir='ltr'>pauper</span> <span class='ocrx_word' id='word_1_183' title='bbox 1722 1660 1796 1715; x_wconf 82' lang='lat' dir='ltr'>dives</span> <span class='ocrx_word' id='word_1_184' title='bbox 1810 1667 1860 1714; x_wconf 85' lang='lat' dir='ltr'>est.</span> <span class='ocrx_word' id='word_1_185' title='bbox 1875 1657 1939 1714; x_wconf 77' lang='lat' dir='ltr'>llae&#39;c</span> 
     </span>
     <span class='ocr_line' id='line_1_13' title="bbox 305 1751 1941 1832; baseline -0.007 -14"><span class='ocrx_word' id='word_1_186' title='bbox 305 1774 389 1818; x_wconf 82' lang='lat' dir='ltr'>strant</span> <span class='ocrx_word' id='word_1_187' title='bbox 412 1758 564 1832; x_wconf 86' lang='lat' dir='ltr'>operamini</span> <span class='ocrx_word' id='word_1_188' title='bbox 591 1772 698 1827; x_wconf 88' lang='lat' dir='ltr'>semper</span> <span class='ocrx_word' id='word_1_189' title='bbox 719 1754 846 1819; x_wconf 90' lang='lat' dir='ltr'>salutem,</span> <span class='ocrx_word' id='word_1_190' title='bbox 865 1752 997 1807; x_wconf 90' lang='lat' dir='ltr'>babentes</span> <span class='ocrx_word' id='word_1_191' title='bbox 1022 1764 1097 1822; x_wconf 87' lang='lat' dir='ltr'>spem</span> <span class='ocrx_word' id='word_1_192' title='bbox 1149 1752 1176 1808; x_wconf 90' lang='lat' dir='ltr'>in</span> <span class='ocrx_word' id='word_1_193' title='bbox 1192 1751 1401 1808; x_wconf 79' lang='lat' dir='ltr'>adversitatibus</span> <span class='ocrx_word' id='word_1_194' title='bbox 1411 1752 1517 1819; x_wconf 88' lang='lat' dir='ltr'>tolerat,</span> <span class='ocrx_word' id='word_1_195' title='bbox 1541 1751 1569 1806; x_wconf 92' lang='lat' dir='ltr'>in</span> <span class='ocrx_word' id='word_1_196' title='bbox 1589 1751 1814 1823; x_wconf 85' lang='lat' dir='ltr'>prosperitatibus</span> <span class='ocrx_word' id='word_1_197' title='bbox 1839 1758 1941 1821; x_wconf 77' lang='lat' dir='ltr'>tentipe-</span> 
     </span>
     <span class='ocr_line' id='line_1_14' title="bbox 305 1842 1938 1921; baseline -0.004 -17"><span class='ocrx_word' id='word_1_198' title='bbox 305 1853 422 1916; x_wconf 83' lang='lat' dir='ltr'>innarn,</span> <span class='ocrx_word' id='word_1_199' title='bbox 441 1850 505 1921; x_wconf 76' lang='lat' dir='ltr'>quia</span> <span class='ocrx_word' id='word_1_200' title='bbox 526 1847 656 1919; x_wconf 82' lang='lat' dir='ltr'>quidquid</span> <span class='ocrx_word' id='word_1_201' title='bbox 679 1845 742 1901; x_wconf 89' lang='lat' dir='ltr'>boni</span> <span class='ocrx_word' id='word_1_202' title='bbox 762 1845 789 1900; x_wconf 93' lang='lat' dir='ltr'>in</span> <span class='ocrx_word' id='word_1_203' title='bbox 811 1843 937 1916; x_wconf 77' lang='lat' dir='ltr'>praesenti</span> <span class='ocrx_word' id='word_1_204' title='bbox 955 1843 1044 1915; x_wconf 88' lang='lat' dir='ltr'>agitis,</span> <span class='ocrx_word' id='word_1_205' title='bbox 1070 1842 1097 1896; x_wconf 90' lang='lat' dir='ltr'>in</span> <span class='ocrx_word' id='word_1_206' title='bbox 1149 1855 1202 1912; x_wconf 89' lang='lat' dir='ltr'>rat,</span> <span class='ocrx_word' id='word_1_207' title='bbox 1225 1847 1252 1902; x_wconf 92' lang='lat' dir='ltr'>in</span> <span class='ocrx_word' id='word_1_208' title='bbox 1269 1847 1345 1902; x_wconf 86' lang='lat' dir='ltr'>duris</span> <span class='ocrx_word' id='word_1_209' title='bbox 1365 1845 1537 1916; x_wconf 88' lang='lat' dir='ltr'>passionibus</span> <span class='ocrx_word' id='word_1_210' title='bbox 1560 1843 1647 1909; x_wconf 90' lang='lat' dir='ltr'>iortis,</span> <span class='ocrx_word' id='word_1_211' title='bbox 1671 1844 1699 1897; x_wconf 90' lang='lat' dir='ltr'>in</span> <span class='ocrx_word' id='word_1_212' title='bbox 1713 1842 1792 1898; x_wconf 91' lang='lat' dir='ltr'>bonis</span> <span class='ocrx_word' id='word_1_213' title='bbox 1810 1842 1938 1912; x_wconf 87' lang='lat' dir='ltr'>operibns</span> 
     </span>
     <span class='ocr_line' id='line_1_15' title="bbox 306 1931 1939 2004; baseline -0.007 -5"><span class='ocrx_word' id='word_1_214' title='bbox 306 1945 394 2000; x_wconf 90' lang='lat' dir='ltr'>loturo</span> <span class='ocrx_word' id='word_1_215' title='bbox 407 1944 440 1999; x_wconf 89' lang='lat' dir='ltr'>ab</span> <span class='ocrx_word' id='word_1_216' title='bbox 455 1941 500 1997; x_wconf 92' lang='lat' dir='ltr'>illo</span> <span class='ocrx_word' id='word_1_217' title='bbox 522 1937 748 1995; x_wconf 71' lang='lat' dir='ltr'>inestimabiliter</span> <span class='ocrx_word' id='word_1_218' title='bbox 765 1934 1013 1999; x_wconf 87' lang='lat' dir='ltr'>remunerabimini,</span> <span class='ocrx_word' id='word_1_219' title='bbox 1034 1932 1097 2004; x_wconf 84' lang='lat' dir='ltr'>qnia</span> <span class='ocrx_word' id='word_1_220' title='bbox 1148 1935 1255 2000; x_wconf 87' lang='lat' dir='ltr'>lriiaris,</span> <span class='ocrx_word' id='word_1_221' title='bbox 1277 1936 1304 1990; x_wconf 92' lang='lat' dir='ltr'>in</span> <span class='ocrx_word' id='word_1_222' title='bbox 1320 1932 1514 1990; x_wconf 88' lang='lat' dir='ltr'>terrtationibns</span> <span class='ocrx_word' id='word_1_223' title='bbox 1537 1933 1684 1998; x_wconf 89' lang='lat' dir='ltr'>tutissima,</span> <span class='ocrx_word' id='word_1_224' title='bbox 1705 1933 1732 1988; x_wconf 91' lang='lat' dir='ltr'>in</span> <span class='ocrx_word' id='word_1_225' title='bbox 1755 1931 1939 2002; x_wconf 82' lang='lat' dir='ltr'>hospitalitate</span> 
     </span>
     <span class='ocr_line' id='line_1_16' title="bbox 304 2020 1937 2102; baseline -0.009 -12"><span class='ocrx_word' id='word_1_226' title='bbox 304 2045 398 2091; x_wconf 87' lang='lat' dir='ltr'>auctor</span> <span class='ocrx_word' id='word_1_227' title='bbox 416 2041 443 2088; x_wconf 90' lang='grc' dir='ltr'><strong>ει</strong></span> <span class='ocrx_word' id='word_1_228' title='bbox 456 2038 642 2102; x_wconf 87' lang='lat' dir='ltr'>protectorest</span> <span class='ocrx_word' id='word_1_229' title='bbox 656 2027 750 2084; x_wconf 86' lang='lat' dir='ltr'>salutis</span> <span class='ocrx_word' id='word_1_230' title='bbox 769 2036 869 2082; x_wconf 73' lang='lat' dir='ltr'>nostrae</span> <span class='ocrx_word' id='word_1_231' title='bbox 882 2024 1097 2082; x_wconf 80' lang='lat' dir='ltr'>lesnslilrristus</span> <span class='ocrx_word' id='word_1_232' title='bbox 1149 2026 1293 2092; x_wconf 90' lang='lat' dir='ltr'>latissima,</span> <span class='ocrx_word' id='word_1_233' title='bbox 1314 2026 1385 2080; x_wconf 91' lang='lat' dir='ltr'>inter</span> <span class='ocrx_word' id='word_1_234' title='bbox 1409 2039 1490 2080; x_wconf 88' lang='lat' dir='ltr'>reros</span> <span class='ocrx_word' id='word_1_235' title='bbox 1517 2022 1615 2080; x_wconf 89' lang='lat' dir='ltr'>iratres</span> <span class='ocrx_word' id='word_1_236' title='bbox 1634 2020 1842 2090; x_wconf 74' lang='lat' dir='ltr'>iracundissimo,</span> <span class='ocrx_word' id='word_1_237' title='bbox 1866 2023 1937 2077; x_wconf 82' lang='lat' dir='ltr'>intra</span> 
     </span>
     <span class='ocr_line' id='line_1_17' title="bbox 305 2112 1938 2191; baseline -0.008 -10"><span class='ocrx_word' id='word_1_238' title='bbox 305 2126 433 2181; x_wconf 79' lang='lat' dir='ltr'>Dominus</span> <span class='ocrx_word' id='word_1_239' title='bbox 446 2130 548 2187; x_wconf 92' lang='lat' dir='ltr'>noster,</span> <span class='ocrx_word' id='word_1_240' title='bbox 559 2120 606 2191; x_wconf 90' lang='lat' dir='ltr'>qui</span> <span class='ocrx_word' id='word_1_241' title='bbox 617 2119 765 2174; x_wconf 87' lang='lat' dir='ltr'>eumPatre</span> <span class='ocrx_word' id='word_1_242' title='bbox 781 2126 808 2172; x_wconf 89' lang='lat' dir='ltr'>et</span> <span class='ocrx_word' id='word_1_243' title='bbox 818 2115 919 2189; x_wconf 89' lang='lat' dir='ltr'>Spiritu</span> <span class='ocrx_word' id='word_1_244' title='bbox 931 2126 1026 2172; x_wconf 82' lang='lat' dir='ltr'>sancto</span> <span class='ocrx_word' id='word_1_245' title='bbox 1036 2116 1101 2171; x_wconf 80' lang='lat' dir='ltr'>vivit</span> <span class='ocrx_word' id='word_1_246' title='bbox 1116 2113 1234 2172; x_wconf 85' lang='lat' dir='ltr'>Bialsos</span> <span class='ocrx_word' id='word_1_247' title='bbox 1247 2115 1328 2169; x_wconf 90' lang='lat' dir='ltr'>etiam</span> <span class='ocrx_word' id='word_1_248' title='bbox 1343 2113 1559 2186; x_wconf 87' lang='lat' dir='ltr'>patientissima:</span> <span class='ocrx_word' id='word_1_249' title='bbox 1575 2115 1602 2169; x_wconf 94' lang='lat' dir='ltr'>in</span> <span class='ocrx_word' id='word_1_250' title='bbox 1622 2113 1689 2169; x_wconf 76' lang='lat' dir='ltr'>Abel</span> <span class='ocrx_word' id='word_1_251' title='bbox 1703 2127 1752 2184; x_wconf 90' lang='lat' dir='ltr'>per</span> <span class='ocrx_word' id='word_1_252' title='bbox 1774 2112 1938 2168; x_wconf 79' lang='lat' dir='ltr'>sacrificiunt</span> 
     </span>
     <span class='ocr_line' id='line_1_18' title="bbox 304 2203 1937 2290; baseline -0.007 -18"><span class='ocrx_word' id='word_1_253' title='bbox 304 2228 331 2276; x_wconf 87' lang='lat' dir='ltr'>et</span> <span class='ocrx_word' id='word_1_254' title='bbox 344 2228 438 2290; x_wconf 73' lang='lat' dir='ltr'>regom</span> <span class='ocrx_word' id='word_1_255' title='bbox 453 2214 535 2282; x_wconf 84' lang='lat' dir='ltr'>Deus,</span> <span class='ocrx_word' id='word_1_256' title='bbox 553 2212 702 2284; x_wconf 87' lang='lat' dir='ltr'>peremnia</span> <span class='ocrx_word' id='word_1_257' title='bbox 712 2209 810 2266; x_wconf 62' lang='lat' dir='ltr'>meula</span> <span class='ocrx_word' id='word_1_258' title='bbox 818 2207 987 2265; x_wconf 82' lang='lat' dir='ltr'>saeculorum.</span> <span class='ocrx_word' id='word_1_259' title='bbox 1000 2207 1096 2265; x_wconf 77' lang='lat' dir='ltr'>Amen.</span> <span class='ocrx_word' id='word_1_260' title='bbox 1147 2214 1238 2277; x_wconf 78' lang='lat' dir='ltr'>gratn3</span> <span class='ocrx_word' id='word_1_261' title='bbox 1255 2204 1349 2260; x_wconf 81' lang='lat' dir='ltr'>inlice</span> <span class='ocrx_word' id='word_1_262' title='bbox 1365 2219 1414 2274; x_wconf 90' lang='lat' dir='ltr'>per</span> <span class='ocrx_word' id='word_1_263' title='bbox 1423 2203 1553 2259; x_wconf 83' lang='lat' dir='ltr'>diluuium</span> <span class='ocrx_word' id='word_1_264' title='bbox 1568 2218 1673 2270; x_wconf 86' lang='lat' dir='ltr'>secura,</span> <span class='ocrx_word' id='word_1_265' title='bbox 1689 2204 1717 2259; x_wconf 93' lang='lat' dir='ltr'>in</span> <span class='ocrx_word' id='word_1_266' title='bbox 1731 2203 1847 2259; x_wconf 80' lang='lat' dir='ltr'>Abrabae</span> <span class='ocrx_word' id='word_1_267' title='bbox 1858 2217 1937 2276; x_wconf 87' lang='lat' dir='ltr'>pere-</span> 
     </span>
     <span class='ocr_line' id='line_1_19' title="bbox 572 2294 1937 2378; baseline 0.001 -27"><span class='ocrx_word' id='word_1_268' title='bbox 572 2320 715 2378; x_wconf 62' lang='lat' dir='ltr'>110fflffl</span> <span class='ocrx_word' id='word_1_269' title='bbox 733 2319 824 2376; x_wconf 48' lang='lat' dir='ltr'>mg·</span> <span class='ocrx_word' id='word_1_270' title='bbox 1147 2296 1299 2368; x_wconf 84' lang='lat' dir='ltr'>grinatione</span> <span class='ocrx_word' id='word_1_271' title='bbox 1320 2294 1486 2360; x_wconf 89' lang='lat' dir='ltr'>tidelissima,</span> <span class='ocrx_word' id='word_1_272' title='bbox 1498 2295 1525 2349; x_wconf 92' lang='lat' dir='ltr'>in</span> <span class='ocrx_word' id='word_1_273' title='bbox 1544 2294 1635 2367; x_wconf 79' lang='lat' dir='ltr'>iioyse</span> <span class='ocrx_word' id='word_1_274' title='bbox 1654 2296 1725 2351; x_wconf 90' lang='lat' dir='ltr'>inter</span> <span class='ocrx_word' id='word_1_275' title='bbox 1743 2294 1832 2368; x_wconf 85' lang='lat' dir='ltr'>jurgia</span> <span class='ocrx_word' id='word_1_276' title='bbox 1853 2295 1937 2353; x_wconf 87' lang='lat' dir='ltr'>lenis·</span> 
     </span>
    </p>

    <p class='ocr_par' dir='ltr' id='par_1_4' title="bbox 590 2383 1936 2451">
     <span class='ocr_line' id='line_1_20' title="bbox 590 2383 1936 2451; baseline -0.004 -5"><span class='ocrx_word' id='word_1_277' title='bbox 590 2409 624 2447; x_wconf 85' lang='lat' dir='ltr'>nr.</span> <span class='ocrx_word' id='word_1_278' title='bbox 646 2406 812 2447; x_wconf 78' lang='lat' dir='ltr'>eutnrrrrn.</span> <span class='ocrx_word' id='word_1_279' title='bbox 1147 2387 1226 2451; x_wconf 75' lang='lat' dir='ltr'>siena,</span> <span class='ocrx_word' id='word_1_280' title='bbox 1251 2385 1279 2440; x_wconf 94' lang='lat' dir='ltr'>in</span> <span class='ocrx_word' id='word_1_281' title='bbox 1306 2383 1390 2440; x_wconf 84' lang='lat' dir='ltr'>llarid</span> <span class='ocrx_word' id='word_1_282' title='bbox 1411 2385 1629 2440; x_wconf 88' lang='lat' dir='ltr'>tribulationibus</span> <span class='ocrx_word' id='word_1_283' title='bbox 1652 2385 1882 2450; x_wconf 88' lang='lat' dir='ltr'>mansuetissima,</span> <span class='ocrx_word' id='word_1_284' title='bbox 1906 2385 1936 2440; x_wconf 92' lang='lat' dir='ltr'>in</span> 
     </span>
    </p>

    <p class='ocr_par' dir='ltr' id='par_1_5' title="bbox 286 2472 1939 4910">
     <span class='ocr_line' id='line_1_21' title="bbox 336 2472 1936 2555; baseline -0.008 -12"><span class='ocrx_word' id='word_1_285' title='bbox 336 2487 415 2543; x_wconf 75' lang='lat' dir='ltr'>libet</span> <span class='ocrx_word' id='word_1_286' title='bbox 439 2500 484 2542; x_wconf 84' lang='lat' dir='ltr'>nte</span> <span class='ocrx_word' id='word_1_287' title='bbox 513 2483 615 2555; x_wconf 85' lang='lat' dir='ltr'>aliquid</span> <span class='ocrx_word' id='word_1_288' title='bbox 643 2483 670 2538; x_wconf 93' lang='lat' dir='ltr'>in</span> <span class='ocrx_word' id='word_1_289' title='bbox 695 2480 921 2551; x_wconf 90' lang='lat' dir='ltr'>contemplatione</span> <span class='ocrx_word' id='word_1_290' title='bbox 943 2481 1096 2550; x_wconf 77' lang='lat' dir='ltr'>claritatis,</span> <span class='ocrx_word' id='word_1_291' title='bbox 1147 2476 1235 2532; x_wconf 89' lang='lat' dir='ltr'>tribus</span> <span class='ocrx_word' id='word_1_292' title='bbox 1256 2474 1348 2540; x_wconf 67' lang='lat' dir='ltr'>cineris</span> <span class='ocrx_word' id='word_1_293' title='bbox 1370 2472 1484 2529; x_wconf 92' lang='lat' dir='ltr'>blandos</span> <span class='ocrx_word' id='word_1_294' title='bbox 1510 2474 1580 2546; x_wconf 91' lang='lat' dir='ltr'>ignis</span> <span class='ocrx_word' id='word_1_295' title='bbox 1604 2474 1762 2530; x_wconf 91' lang='lat' dir='ltr'>innocenter</span> <span class='ocrx_word' id='word_1_296' title='bbox 1775 2484 1891 2546; x_wconf 90' lang='lat' dir='ltr'>spectat,</span> <span class='ocrx_word' id='word_1_297' title='bbox 1907 2476 1936 2530; x_wconf 92' lang='lat' dir='ltr'>in</span> 
     </span>
     <span class='ocr_line' id='line_1_22' title="bbox 303 2564 1936 2642; baseline -0.006 -10"><span class='ocrx_word' id='word_1_298' title='bbox 303 2578 401 2631; x_wconf 88' lang='lat' dir='ltr'>iratres</span> <span class='ocrx_word' id='word_1_299' title='bbox 425 2574 589 2639; x_wconf 87' lang='lat' dir='ltr'>charissimi,</span> <span class='ocrx_word' id='word_1_300' title='bbox 624 2571 762 2628; x_wconf 85' lang='lat' dir='ltr'>dilectioni</span> <span class='ocrx_word' id='word_1_301' title='bbox 788 2583 885 2627; x_wconf 70' lang='lat' dir='ltr'>restra¹</span> <span class='ocrx_word' id='word_1_302' title='bbox 912 2573 1012 2638; x_wconf 88' lang='lat' dir='ltr'>dicere,</span> <span class='ocrx_word' id='word_1_303' title='bbox 1037 2587 1097 2642; x_wconf 71' lang='lat' dir='ltr'>qnae</span> <span class='ocrx_word' id='word_1_304' title='bbox 1147 2566 1306 2624; x_wconf 80' lang='lat' dir='ltr'>ilacbabceis</span> <span class='ocrx_word' id='word_1_305' title='bbox 1331 2580 1417 2621; x_wconf 74' lang='lat' dir='ltr'>steros</span> <span class='ocrx_word' id='word_1_306' title='bbox 1438 2567 1514 2638; x_wconf 88' lang='lat' dir='ltr'>ignes</span> <span class='ocrx_word' id='word_1_307' title='bbox 1539 2564 1648 2621; x_wconf 86' lang='lat' dir='ltr'>lortiter</span> <span class='ocrx_word' id='word_1_308' title='bbox 1675 2565 1783 2633; x_wconf 89' lang='lat' dir='ltr'>tolerat,</span> <span class='ocrx_word' id='word_1_309' title='bbox 1804 2577 1880 2623; x_wconf 87' lang='lat' dir='ltr'>easta</span> <span class='ocrx_word' id='word_1_310' title='bbox 1907 2567 1936 2622; x_wconf 93' lang='lat' dir='ltr'>in</span> 
     </span>
     <span class='ocr_line' id='line_1_23' title="bbox 302 2657 1935 2738; baseline 0 -17"><span class='ocrx_word' id='word_1_311' title='bbox 302 2675 404 2738; x_wconf 82' lang='lat' dir='ltr'>quanto</span> <span class='ocrx_word' id='word_1_312' title='bbox 419 2667 504 2736; x_wconf 83' lang='lat' dir='ltr'>magis</span> <span class='ocrx_word' id='word_1_313' title='bbox 519 2681 568 2722; x_wconf 91' lang='lat' dir='ltr'>cor</span> <span class='ocrx_word' id='word_1_314' title='bbox 585 2664 719 2731; x_wconf 86' lang='lat' dir='ltr'>accendit,</span> <span class='ocrx_word' id='word_1_315' title='bbox 746 2672 822 2719; x_wconf 93' lang='lat' dir='ltr'>tanto</span> <span class='ocrx_word' id='word_1_316' title='bbox 842 2664 1020 2734; x_wconf 87' lang='lat' dir='ltr'>copiosiorem</span> <span class='ocrx_word' id='word_1_317' title='bbox 1042 2679 1096 2720; x_wconf 86' lang='lat' dir='ltr'>ser·</span> <span class='ocrx_word' id='word_1_318' title='bbox 1147 2657 1270 2715; x_wconf 86' lang='lat' dir='ltr'>Susanna</span> <span class='ocrx_word' id='word_1_319' title='bbox 1286 2673 1350 2731; x_wconf 85' lang='lat' dir='ltr'>erga</span> <span class='ocrx_word' id='word_1_320' title='bbox 1364 2659 1463 2723; x_wconf 71' lang='lat' dir='ltr'>virum·</span> <span class='ocrx_word' id='word_1_321' title='bbox 1485 2658 1935 2730; x_wconf 62' lang='grc' dir='ltr'><strong>111111101111111111,ἰιιΛι1111</strong></span> 
     </span>
     <span class='ocr_line' id='line_1_24' title="bbox 303 2745 1934 2827; baseline 0.003 -15"><span class='ocrx_word' id='word_1_322' title='bbox 303 2771 409 2812; x_wconf 86' lang='lat' dir='ltr'>monem</span> <span class='ocrx_word' id='word_1_323' title='bbox 423 2756 528 2822; x_wconf 89' lang='lat' dir='ltr'>tribuit,</span> <span class='ocrx_word' id='word_1_324' title='bbox 539 2765 567 2811; x_wconf 91' lang='lat' dir='ltr'>et</span> <span class='ocrx_word' id='word_1_325' title='bbox 581 2766 682 2827; x_wconf 80' lang='lat' dir='ltr'>quianto</span> <span class='ocrx_word' id='word_1_326' title='bbox 697 2756 784 2826; x_wconf 84' lang='lat' dir='ltr'>magis</span> <span class='ocrx_word' id='word_1_327' title='bbox 797 2755 824 2810; x_wconf 90' lang='lat' dir='ltr'>in</span> <span class='ocrx_word' id='word_1_328' title='bbox 838 2756 998 2826; x_wconf 88' lang='lat' dir='ltr'>disputando</span> <span class='ocrx_word' id='word_1_329' title='bbox 1011 2771 1040 2811; x_wconf 89' lang='lat' dir='ltr'>sc</span> <span class='ocrx_word' id='word_1_330' title='bbox 1050 2771 1097 2813; x_wconf 84' lang='lat' dir='ltr'>ex·</span> <span class='ocrx_word' id='word_1_331' title='bbox 1147 2745 1206 2819; x_wconf 67' lang='lat'><strong>(⁸5⁶)</strong></span> <span class='ocrx_word' id='word_1_332' title='bbox 1228 2755 1328 2818; x_wconf 69' lang='lat' dir='ltr'>liiaelei</span> <span class='ocrx_word' id='word_1_333' title='bbox 1342 2746 1441 2812; x_wconf 73' lang='grc'><strong>11111111,</strong></span> <span class='ocrx_word' id='word_1_334' title='bbox 1456 2746 1542 2801; x_wconf 62' lang='lat' dir='ltr'>libem</span> <span class='ocrx_word' id='word_1_335' title='bbox 1563 2746 1591 2802; x_wconf 74' lang='grc'>111</span> <span class='ocrx_word' id='word_1_336' title='bbox 1604 2747 1687 2805; x_wconf 72' lang='lat' dir='ltr'>Pit¹¹0</span> <span class='ocrx_word' id='word_1_337' title='bbox 1707 2748 1741 2802; x_wconf 80' lang='grc'><strong>1111</strong></span> <span class='ocrx_word' id='word_1_338' title='bbox 1755 2749 1934 2821; x_wconf 57' lang='lat' dir='ltr'>iminium·</span> 
     </span>
     <span class='ocr_line' id='line_1_25' title="bbox 304 2837 1936 2915; baseline 0.002 -14"><span class='ocrx_word' id='word_1_339' title='bbox 304 2847 397 2911; x_wconf 87' lang='lat' dir='ltr'>tendit,</span> <span class='ocrx_word' id='word_1_340' title='bbox 414 2854 488 2902; x_wconf 88' lang='lat' dir='ltr'>tanto</span> <span class='ocrx_word' id='word_1_341' title='bbox 500 2860 547 2901; x_wconf 80' lang='lat' dir='ltr'>ros</span> <span class='ocrx_word' id='word_1_342' title='bbox 557 2846 668 2901; x_wconf 83' lang='lat' dir='ltr'>suarius</span> <span class='ocrx_word' id='word_1_343' title='bbox 681 2844 777 2901; x_wconf 85' lang='lat' dir='ltr'>reficit.</span> <span class='ocrx_word' id='word_1_344' title='bbox 789 2843 848 2915; x_wconf 88' lang='lat' dir='ltr'>ipsa</span> <span class='ocrx_word' id='word_1_345' title='bbox 859 2845 930 2900; x_wconf 86' lang='lat' dir='ltr'>enirn</span> <span class='ocrx_word' id='word_1_346' title='bbox 945 2845 1096 2900; x_wconf 83' lang='lat' dir='ltr'>diuinarum</span> <span class='ocrx_word' id='word_1_347' title='bbox 1148 2838 1258 2894; x_wconf 78' lang='grc' dir='ltr'><strong>1111111Ιί1</strong></span> <span class='ocrx_word' id='word_1_348' title='bbox 1273 2838 1300 2893; x_wconf 80' lang='lat' dir='ltr'>in</span> <span class='ocrx_word' id='word_1_349' title='bbox 1313 2837 1395 2894; x_wconf 66' lang='lat' dir='ltr'>Pilio</span> <span class='ocrx_word' id='word_1_350' title='bbox 1408 2838 1443 2893; x_wconf 76' lang='grc'>111</span> <span class='ocrx_word' id='word_1_351' title='bbox 1457 2838 1647 2906; x_wconf 63' lang='lat' dir='ltr'>obediendum,</span> <span class='ocrx_word' id='word_1_352' title='bbox 1667 2839 1786 2896; x_wconf 73' lang='grc'><strong>1111111111</strong></span> <span class='ocrx_word' id='word_1_353' title='bbox 1808 2840 1836 2897; x_wconf 78' lang='grc'>111</span> <span class='ocrx_word' id='word_1_354' title='bbox 1857 2841 1936 2897; x_wconf 75' lang='lat' dir='ltr'>Chri·</span> 
     </span>
     <span class='ocr_line' id='line_1_26' title="bbox 304 2930 1936 3007; baseline -0.002 -17"><span class='ocrx_word' id='word_1_355' title='bbox 304 2935 506 3007; x_wconf 90' lang='lat' dir='ltr'>Scripturarnm</span> <span class='ocrx_word' id='word_1_356' title='bbox 522 2935 698 3006; x_wconf 85' lang='lat' dir='ltr'>multiplicem</span> <span class='ocrx_word' id='word_1_357' title='bbox 718 2935 911 2991; x_wconf 87' lang='lat' dir='ltr'>abundantiam</span> <span class='ocrx_word' id='word_1_358' title='bbox 924 2936 1097 2992; x_wconf 87' lang='lat' dir='ltr'>altissimam·</span> <span class='ocrx_word' id='word_1_359' title='bbox 1146 2930 1241 2987; x_wconf 86' lang='lat' dir='ltr'>stianis</span> <span class='ocrx_word' id='word_1_360' title='bbox 1261 2931 1295 2986; x_wconf 85' lang='lat' dir='ltr'>ad</span> <span class='ocrx_word' id='word_1_361' title='bbox 1314 2930 1508 2997; x_wconf 83' lang='lat' dir='ltr'>conitendum,</span> <span class='ocrx_word' id='word_1_362' title='bbox 1524 2931 1614 2986; x_wconf 77' lang='lat' dir='ltr'>diuina</span> <span class='ocrx_word' id='word_1_363' title='bbox 1635 2931 1664 2987; x_wconf 91' lang='lat' dir='ltr'>in</span> <span class='ocrx_word' id='word_1_364' title='bbox 1684 2931 1792 2988; x_wconf 89' lang='lat' dir='ltr'>Cbristo</span> <span class='ocrx_word' id='word_1_365' title='bbox 1812 2932 1846 2988; x_wconf 89' lang='lat' dir='ltr'>ad</span> <span class='ocrx_word' id='word_1_366' title='bbox 1861 2932 1936 3003; x_wconf 89' lang='lat' dir='ltr'>igno·</span> 
     </span>
     <span class='ocr_line' id='line_1_27' title="bbox 303 3019 1937 3096; baseline -0.002 -15"><span class='ocrx_word' id='word_1_367' title='bbox 303 3025 516 3095; x_wconf 81' lang='lat' dir='ltr'>qoednctrinatn</span> <span class='ocrx_word' id='word_1_368' title='bbox 527 3025 586 3079; x_wconf 92' lang='lat' dir='ltr'>sine</span> <span class='ocrx_word' id='word_1_369' title='bbox 601 3024 655 3079; x_wconf 91' lang='lat' dir='ltr'>ullo</span> <span class='ocrx_word' id='word_1_370' title='bbox 671 3039 764 3081; x_wconf 88' lang='lat' dir='ltr'>errore</span> <span class='ocrx_word' id='word_1_371' title='bbox 779 3025 985 3096; x_wconf 85' lang='lat' dir='ltr'>comprehcndit</span> <span class='ocrx_word' id='word_1_372' title='bbox 995 3034 1023 3079; x_wconf 90' lang='lat' dir='ltr'>et</span> <span class='ocrx_word' id='word_1_373' title='bbox 1036 3025 1097 3081; x_wconf 91' lang='lat' dir='ltr'>sine</span> <span class='ocrx_word' id='word_1_374' title='bbox 1146 3021 1286 3078; x_wconf 85' lang='lat' dir='ltr'>scendum.</span> <span class='ocrx_word' id='word_1_375' title='bbox 1300 3019 1355 3077; x_wconf 88' lang='lat' dir='ltr'>Sed</span> <span class='ocrx_word' id='word_1_376' title='bbox 1371 3021 1436 3079; x_wconf 92' lang='lat' dir='ltr'>ooid</span> <span class='ocrx_word' id='word_1_377' title='bbox 1449 3036 1499 3092; x_wconf 84' lang='lat' dir='ltr'>ego</span> <span class='ocrx_word' id='word_1_378' title='bbox 1515 3021 1603 3094; x_wconf 78' lang='lat' dir='ltr'>majos</span> <span class='ocrx_word' id='word_1_379' title='bbox 1617 3021 1651 3077; x_wconf 86' lang='lat' dir='ltr'>de</span> <span class='ocrx_word' id='word_1_380' title='bbox 1663 3021 1795 3077; x_wconf 83' lang='lat' dir='ltr'>charitate</span> <span class='ocrx_word' id='word_1_381' title='bbox 1810 3030 1858 3077; x_wconf 86' lang='lat' dir='ltr'>aot</span> <span class='ocrx_word' id='word_1_382' title='bbox 1869 3022 1937 3077; x_wconf 90' lang='lat' dir='ltr'>obe-</span> 
     </span>
     <span class='ocr_line' id='line_1_28' title="bbox 303 3112 1935 3186; baseline -0.001 -16"><span class='ocrx_word' id='word_1_383' title='bbox 303 3117 356 3173; x_wconf 91' lang='lat' dir='ltr'>nllo</span> <span class='ocrx_word' id='word_1_384' title='bbox 368 3117 462 3172; x_wconf 86' lang='lat' dir='ltr'>labore</span> <span class='ocrx_word' id='word_1_385' title='bbox 475 3114 602 3181; x_wconf 84' lang='lat' dir='ltr'>custodit,</span> <span class='ocrx_word' id='word_1_386' title='bbox 617 3115 693 3185; x_wconf 84' lang='lat' dir='ltr'>cnjus</span> <span class='ocrx_word' id='word_1_387' title='bbox 715 3131 763 3172; x_wconf 90' lang='lat' dir='ltr'>eor</span> <span class='ocrx_word' id='word_1_388' title='bbox 774 3116 882 3186; x_wconf 89' lang='lat' dir='ltr'>plenum</span> <span class='ocrx_word' id='word_1_389' title='bbox 896 3124 939 3171; x_wconf 91' lang='lat' dir='ltr'>est</span> <span class='ocrx_word' id='word_1_390' title='bbox 951 3116 1095 3184; x_wconf 83' lang='lat' dir='ltr'>charitate,</span> <span class='ocrx_word' id='word_1_391' title='bbox 1146 3113 1203 3170; x_wconf 89' lang='lat' dir='ltr'>rios</span> <span class='ocrx_word' id='word_1_392' title='bbox 1221 3127 1332 3183; x_wconf 88' lang='lat' dir='ltr'>possum</span> <span class='ocrx_word' id='word_1_393' title='bbox 1356 3113 1446 3168; x_wconf 88' lang='lat' dir='ltr'>dicere</span> <span class='ocrx_word' id='word_1_394' title='bbox 1465 3127 1545 3183; x_wconf 87' lang='lat' dir='ltr'>quarn</span> <span class='ocrx_word' id='word_1_395' title='bbox 1571 3128 1620 3184; x_wconf 88' lang='lat' dir='ltr'>per</span> <span class='ocrx_word' id='word_1_396' title='bbox 1644 3127 1675 3168; x_wconf 90' lang='lat' dir='ltr'>os</span> <span class='ocrx_word' id='word_1_397' title='bbox 1698 3112 1819 3183; x_wconf 78' lang='lat' dir='ltr'>Apostoli</span> <span class='ocrx_word' id='word_1_398' title='bbox 1843 3113 1935 3169; x_wconf 89' lang='lat' dir='ltr'>laudes</span> 
     </span>
     <span class='ocr_line' id='line_1_29' title="bbox 304 3205 1934 3279; baseline 0.001 -16"><span class='ocrx_word' id='word_1_399' title='bbox 304 3209 409 3264; x_wconf 89' lang='lat' dir='ltr'>dicente</span> <span class='ocrx_word' id='word_1_400' title='bbox 423 3208 571 3278; x_wconf 73' lang='lat' dir='ltr'>Apostolo:</span> <span class='ocrx_word' id='word_1_401' title='bbox 588 3205 727 3262; x_wconf 79' lang='lat' dir='ltr'>Plenitudo</span> <span class='ocrx_word' id='word_1_402' title='bbox 744 3206 807 3277; x_wconf 78' lang='lat' dir='ltr'>lepis</span> <span class='ocrx_word' id='word_1_403' title='bbox 827 3216 864 3261; x_wconf 82' lang='lat' dir='ltr'>est</span> <span class='ocrx_word' id='word_1_404' title='bbox 880 3207 994 3262; x_wconf 80' lang='lat' dir='ltr'>cirritos</span> <span class='ocrx_word' id='word_1_405' title='bbox 1008 3206 1094 3278; x_wconf 85' lang='lat' dir='ltr'>(lioru.</span> <span class='ocrx_word' id='word_1_406' title='bbox 1146 3207 1205 3279; x_wconf 82' lang='lat' dir='ltr'>ejus</span> <span class='ocrx_word' id='word_1_407' title='bbox 1231 3208 1334 3262; x_wconf 92' lang='lat' dir='ltr'>intonat</span> <span class='ocrx_word' id='word_1_408' title='bbox 1361 3206 1502 3272; x_wconf 81' lang='lat' dir='ltr'>Dominus,</span> <span class='ocrx_word' id='word_1_409' title='bbox 1525 3207 1769 3279; x_wconf 84' lang='lat' dir='ltr'>supereminentem</span> <span class='ocrx_word' id='word_1_410' title='bbox 1794 3208 1867 3263; x_wconf 89' lang='lat' dir='ltr'>riam</span> <span class='ocrx_word' id='word_1_411' title='bbox 1889 3208 1934 3265; x_wconf 91' lang='lat' dir='ltr'>de·</span> 
     </span>
     <span class='ocr_line' id='line_1_30' title="bbox 304 3294 1936 3370; baseline -0.001 -16"><span class='ocrx_word' id='word_1_412' title='bbox 304 3300 379 3370; x_wconf 83' lang='lat' dir='ltr'>ttu);</span> <span class='ocrx_word' id='word_1_413' title='bbox 397 3309 426 3354; x_wconf 87' lang='lat' dir='ltr'>et</span> <span class='ocrx_word' id='word_1_414' title='bbox 437 3299 466 3352; x_wconf 86' lang='lat' dir='ltr'>in</span> <span class='ocrx_word' id='word_1_415' title='bbox 479 3299 533 3353; x_wconf 83' lang='lat' dir='ltr'>alio</span> <span class='ocrx_word' id='word_1_416' title='bbox 544 3297 621 3353; x_wconf 83' lang='lat' dir='ltr'>loeo:</span> <span class='ocrx_word' id='word_1_417' title='bbox 637 3294 714 3350; x_wconf 80' lang='lat' dir='ltr'>Finis</span> <span class='ocrx_word' id='word_1_418' title='bbox 728 3306 814 3350; x_wconf 85' lang='lat' dir='ltr'>nutent</span> <span class='ocrx_word' id='word_1_419' title='bbox 828 3297 950 3368; x_wconf 75' lang='lat' dir='ltr'>precepti</span> <span class='ocrx_word' id='word_1_420' title='bbox 962 3306 999 3350; x_wconf 84' lang='grc' dir='ltr'>εει</span> <span class='ocrx_word' id='word_1_421' title='bbox 1008 3295 1097 3350; x_wconf 75' lang='lat' dir='ltr'>etruri-</span> <span class='ocrx_word' id='word_1_422' title='bbox 1146 3295 1323 3353; x_wconf 75' lang='lat' dir='ltr'>monstrantIs</span> <span class='ocrx_word' id='word_1_423' title='bbox 1337 3304 1418 3366; x_wconf 85' lang='lat' dir='ltr'>atque</span> <span class='ocrx_word' id='word_1_424' title='bbox 1430 3296 1544 3352; x_wconf 84' lang='lat' dir='ltr'>dicentis</span> <span class='ocrx_word' id='word_1_425' title='bbox 1559 3314 1566 3350; x_wconf 74' lang='grc' dir='ltr'><strong>ι</strong></span> <span class='ocrx_word' id='word_1_426' title='bbox 1592 3296 1624 3352; x_wconf 86' lang='lat' dir='ltr'>Si</span> <span class='ocrx_word' id='word_1_427' title='bbox 1641 3296 1737 3368; x_wconf 76' lang='lat' dir='ltr'>lingitis</span> <span class='ocrx_word' id='word_1_428' title='bbox 1750 3298 1885 3352; x_wconf 76' lang='lat' dir='ltr'>leontinum</span> <span class='ocrx_word' id='word_1_429' title='bbox 1898 3297 1936 3352; x_wconf 89' lang='lat' dir='ltr'>lo·</span> 
     </span>
     <span class='ocr_line' id='line_1_31' title="bbox 304 3385 1936 3461; baseline 0.001 -18"><span class='ocrx_word' id='word_1_430' title='bbox 304 3400 354 3456; x_wconf 82' lang='lat' dir='ltr'>tor,</span> <span class='ocrx_word' id='word_1_431' title='bbox 367 3390 401 3444; x_wconf 86' lang='lat' dir='ltr'>tie</span> <span class='ocrx_word' id='word_1_432' title='bbox 413 3388 492 3443; x_wconf 82' lang='lat' dir='ltr'>corde</span> <span class='ocrx_word' id='word_1_433' title='bbox 511 3404 588 3458; x_wconf 89' lang='lat' dir='ltr'>puro,</span> <span class='ocrx_word' id='word_1_434' title='bbox 613 3396 637 3441; x_wconf 86' lang='lat' dir='ltr'>et</span> <span class='ocrx_word' id='word_1_435' title='bbox 661 3386 820 3441; x_wconf 82' lang='lat' dir='ltr'>conscientie</span> <span class='ocrx_word' id='word_1_436' title='bbox 839 3390 915 3450; x_wconf 82' lang='lat' dir='ltr'>bonu,</span> <span class='ocrx_word' id='word_1_437' title='bbox 931 3394 955 3439; x_wconf 90' lang='lat' dir='ltr'>et</span> <span class='ocrx_word' id='word_1_438' title='bbox 975 3385 1028 3454; x_wconf 76' lang='lat' dir='ltr'>pide</span> <span class='ocrx_word' id='word_1_439' title='bbox 1043 3401 1096 3440; x_wconf 86' lang='lat' dir='ltr'>uon</span> <span class='ocrx_word' id='word_1_440' title='bbox 1146 3406 1214 3461; x_wconf 81' lang='lat' dir='ltr'>quur</span> <span class='ocrx_word' id='word_1_441' title='bbox 1221 3399 1244 3443; x_wconf 85' lang='grc' dir='ltr'><strong>ει</strong></span> <span class='ocrx_word' id='word_1_442' title='bbox 1257 3387 1420 3460; x_wconf 76' lang='lat' dir='ltr'>nupciarum,</span> <span class='ocrx_word' id='word_1_443' title='bbox 1432 3390 1587 3444; x_wconf 84' lang='lat' dir='ltr'>clrnrituteut</span> <span class='ocrx_word' id='word_1_444' title='bbox 1598 3399 1684 3444; x_wconf 81' lang='lat' dir='ltr'>utitem</span> <span class='ocrx_word' id='word_1_445' title='bbox 1699 3406 1750 3444; x_wconf 88' lang='lat' dir='ltr'>nou</span> <span class='ocrx_word' id='word_1_446' title='bbox 1763 3390 1883 3456; x_wconf 80' lang='lat' dir='ltr'>iubeant,</span> <span class='ocrx_word' id='word_1_447' title='bbox 1895 3390 1911 3461; x_wconf 76' lang='lat' dir='ltr'>i</span> <span class='ocrx_word' id='word_1_448' title='bbox 1923 3421 1936 3434; x_wconf 91' lang='lat'>-</span> 
     </span>
     <span class='ocr_line' id='line_1_32' title="bbox 304 3462 1935 3550; baseline 0.002 -19"><span class='ocrx_word' id='word_1_449' title='bbox 304 3479 363 3546; x_wconf 69' lang='lat' dir='ltr'>ficto</span> <span class='ocrx_word' id='word_1_450' title='bbox 376 3476 403 3550; x_wconf 69' lang='lat' dir='ltr'>(i</span> <span class='ocrx_word' id='word_1_451' title='bbox 417 3477 487 3531; x_wconf 77' lang='lat' dir='ltr'>Tin.</span> <span class='ocrx_word' id='word_1_452' title='bbox 508 3477 541 3546; x_wconf 85' lang='lat' dir='ltr'>t).</span> <span class='ocrx_word' id='word_1_453' title='bbox 560 3476 629 3542; x_wconf 89' lang='lat' dir='ltr'>Quid</span> <span class='ocrx_word' id='word_1_454' title='bbox 648 3484 690 3530; x_wconf 87' lang='lat' dir='ltr'>est</span> <span class='ocrx_word' id='word_1_455' title='bbox 705 3483 794 3530; x_wconf 69' lang='lat' dir='ltr'>auwnt</span> <span class='ocrx_word' id='word_1_456' title='bbox 814 3475 936 3545; x_wconf 80' lang='lat' dir='ltr'>precepti</span> <span class='ocrx_word' id='word_1_457' title='bbox 951 3475 1023 3543; x_wconf 76' lang='lat' dir='ltr'>pirric,</span> <span class='ocrx_word' id='word_1_458' title='bbox 1043 3473 1095 3529; x_wconf 85' lang='lat' dir='ltr'>nisi</span> <span class='ocrx_word' id='word_1_459' title='bbox 1109 3462 1133 3527; x_wconf 81' lang='lat' dir='ltr'>C</span> <span class='ocrx_word' id='word_1_460' title='bbox 1148 3489 1267 3534; x_wconf 84' lang='lat' dir='ltr'>etussum</span> <span class='ocrx_word' id='word_1_461' title='bbox 1277 3479 1389 3534; x_wconf 78' lang='lat' dir='ltr'>uelutuu</span> <span class='ocrx_word' id='word_1_462' title='bbox 1402 3495 1500 3534; x_wconf 85' lang='lat' dir='ltr'>sonans</span> <span class='ocrx_word' id='word_1_463' title='bbox 1516 3490 1561 3533; x_wconf 87' lang='lat' dir='ltr'>nut</span> <span class='ocrx_word' id='word_1_464' title='bbox 1573 3477 1721 3550; x_wconf 77' lang='lat' dir='ltr'>cymbalum</span> <span class='ocrx_word' id='word_1_465' title='bbox 1733 3479 1898 3536; x_wconf 68' lang='lat' dir='ltr'>tinnierunt</span> <span class='ocrx_word' id='word_1_466' title='bbox 1911 3480 1935 3536; x_wconf 83' lang='lat' dir='ltr'>si</span> 
     </span>
     <span class='ocr_line' id='line_1_33' title="bbox 304 3563 1936 3640; baseline 0.003 -19"><span class='ocrx_word' id='word_1_467' title='bbox 304 3567 430 3636; x_wconf 76' lang='lat' dir='ltr'>precepti</span> <span class='ocrx_word' id='word_1_468' title='bbox 445 3563 621 3635; x_wconf 78' lang='lat' dir='ltr'>adimpletio?</span> <span class='ocrx_word' id='word_1_469' title='bbox 636 3563 705 3630; x_wconf 84' lang='lat' dir='ltr'>Quid</span> <span class='ocrx_word' id='word_1_470' title='bbox 714 3573 757 3618; x_wconf 89' lang='lat' dir='ltr'>est</span> <span class='ocrx_word' id='word_1_471' title='bbox 767 3571 857 3618; x_wconf 88' lang='lat' dir='ltr'>autem</span> <span class='ocrx_word' id='word_1_472' title='bbox 871 3565 996 3633; x_wconf 87' lang='lat' dir='ltr'>praecepti</span> <span class='ocrx_word' id='word_1_473' title='bbox 1010 3564 1096 3618; x_wconf 86' lang='lat' dir='ltr'>adim·</span> <span class='ocrx_word' id='word_1_474' title='bbox 1147 3569 1262 3623; x_wconf 79' lang='lat' dir='ltr'>inbuere</span> <span class='ocrx_word' id='word_1_475' title='bbox 1274 3569 1446 3640; x_wconf 79' lang='lat' dir='ltr'>prophetiam,</span> <span class='ocrx_word' id='word_1_476' title='bbox 1457 3579 1481 3624; x_wconf 84' lang='lat' dir='ltr'>et</span> <span class='ocrx_word' id='word_1_477' title='bbox 1495 3570 1607 3624; x_wconf 85' lang='lat' dir='ltr'>nouerim</span> <span class='ocrx_word' id='word_1_478' title='bbox 1618 3571 1741 3640; x_wconf 76' lang='lat' dir='ltr'>mysterio</span> <span class='ocrx_word' id='word_1_479' title='bbox 1751 3571 1841 3626; x_wconf 88' lang='lat' dir='ltr'>omnio</span> <span class='ocrx_word' id='word_1_480' title='bbox 1849 3581 1872 3625; x_wconf 88' lang='lat' dir='ltr'>et</span> <span class='ocrx_word' id='word_1_481' title='bbox 1880 3588 1936 3626; x_wconf 87' lang='lat' dir='ltr'>onr-</span> 
     </span>
     <span class='ocr_line' id='line_1_34' title="bbox 305 3653 1934 3730; baseline 0.004 -20"><span class='ocrx_word' id='word_1_482' title='bbox 305 3656 397 3727; x_wconf 88' lang='lat' dir='ltr'>pletio,</span> <span class='ocrx_word' id='word_1_483' title='bbox 411 3657 465 3712; x_wconf 88' lang='lat' dir='ltr'>nisi</span> <span class='ocrx_word' id='word_1_484' title='bbox 477 3657 545 3726; x_wconf 85' lang='lat' dir='ltr'>legis</span> <span class='ocrx_word' id='word_1_485' title='bbox 564 3654 720 3726; x_wconf 84' lang='lat' dir='ltr'>plenitudo?</span> <span class='ocrx_word' id='word_1_486' title='bbox 736 3653 812 3722; x_wconf 92' lang='lat' dir='ltr'>Qnod</span> <span class='ocrx_word' id='word_1_487' title='bbox 826 3669 890 3724; x_wconf 85' lang='lat' dir='ltr'>ergo</span> <span class='ocrx_word' id='word_1_488' title='bbox 909 3655 944 3709; x_wconf 87' lang='lat' dir='ltr'>ibi</span> <span class='ocrx_word' id='word_1_489' title='bbox 968 3655 1095 3721; x_wconf 80' lang='lat' dir='ltr'>diainrus,</span> <span class='ocrx_word' id='word_1_490' title='bbox 1148 3661 1357 3725; x_wconf 79' lang='lat' dir='ltr'>ncmscientium,</span> <span class='ocrx_word' id='word_1_491' title='bbox 1371 3668 1394 3714; x_wconf 83' lang='lat' dir='ltr'>et</span> <span class='ocrx_word' id='word_1_492' title='bbox 1406 3658 1521 3714; x_wconf 85' lang='lat' dir='ltr'>lruluero</span> <span class='ocrx_word' id='word_1_493' title='bbox 1530 3675 1633 3714; x_wconf 80' lang='lat' dir='ltr'>omnent</span> <span class='ocrx_word' id='word_1_494' title='bbox 1645 3659 1735 3730; x_wconf 79' lang='lat' dir='ltr'>pidem,</span> <span class='ocrx_word' id='word_1_495' title='bbox 1747 3661 1785 3716; x_wconf 91' lang='lat' dir='ltr'>itu</span> <span class='ocrx_word' id='word_1_496' title='bbox 1797 3672 1825 3716; x_wconf 91' lang='lat' dir='ltr'>ut</span> <span class='ocrx_word' id='word_1_497' title='bbox 1834 3670 1934 3717; x_wconf 81' lang='lat' dir='ltr'>montet</span> 
     </span>
     <span class='ocr_line' id='line_1_35' title="bbox 306 3746 1936 3818; baseline 0.004 -17"><span class='ocrx_word' id='word_1_498' title='bbox 306 3748 436 3818; x_wconf 81' lang='lat' dir='ltr'>plenitudo</span> <span class='ocrx_word' id='word_1_499' title='bbox 460 3747 525 3818; x_wconf 80' lang='lat' dir='ltr'>lepis</span> <span class='ocrx_word' id='word_1_500' title='bbox 548 3748 674 3812; x_wconf 74' lang='lat' dir='ltr'>citarum,</span> <span class='ocrx_word' id='word_1_501' title='bbox 697 3747 749 3802; x_wconf 86' lang='lat' dir='ltr'>hoc</span> <span class='ocrx_word' id='word_1_502' title='bbox 775 3747 858 3802; x_wconf 87' lang='lat' dir='ltr'>etiarn</span> <span class='ocrx_word' id='word_1_503' title='bbox 883 3746 1011 3813; x_wconf 86' lang='lat' dir='ltr'>diximus,</span> <span class='ocrx_word' id='word_1_504' title='bbox 1034 3746 1096 3816; x_wconf 77' lang='lat' dir='ltr'>finit</span> <span class='ocrx_word' id='word_1_505' title='bbox 1147 3748 1316 3817; x_wconf 72' lang='lat' dir='ltr'>transierum,</span> <span class='ocrx_word' id='word_1_506' title='bbox 1334 3749 1487 3802; x_wconf 71' lang='lat' dir='ltr'>clrnntntent</span> <span class='ocrx_word' id='word_1_507' title='bbox 1500 3765 1551 3802; x_wconf 90' lang='lat' dir='ltr'>non</span> <span class='ocrx_word' id='word_1_508' title='bbox 1564 3749 1690 3818; x_wconf 81' lang='lat' dir='ltr'>inbuere,</span> <span class='ocrx_word' id='word_1_509' title='bbox 1705 3751 1770 3806; x_wconf 82' lang='lat' dir='ltr'>nibil</span> <span class='ocrx_word' id='word_1_510' title='bbox 1784 3769 1853 3806; x_wconf 87' lang='lat' dir='ltr'>rum.</span> <span class='ocrx_word' id='word_1_511' title='bbox 1866 3749 1936 3807; x_wconf 81' lang='lat' dir='ltr'>Etsi</span> 
     </span>
     <span class='ocr_line' id='line_1_36' title="bbox 305 3836 1935 3910; baseline 0.004 -19"><span class='ocrx_word' id='word_1_512' title='bbox 305 3841 425 3910; x_wconf 76' lang='lat' dir='ltr'>precepti</span> <span class='ocrx_word' id='word_1_513' title='bbox 435 3849 474 3895; x_wconf 78' lang='lat' dir='ltr'>eut</span> <span class='ocrx_word' id='word_1_514' title='bbox 490 3839 615 3893; x_wconf 60' lang='lat' dir='ltr'>abenton</span> <span class='ocrx_word' id='word_1_515' title='bbox 629 3836 685 3894; x_wconf 86' lang='lat' dir='ltr'>Nec</span> <span class='ocrx_word' id='word_1_516' title='bbox 698 3838 816 3893; x_wconf 85' lang='lat' dir='ltr'>dubitari</span> <span class='ocrx_word' id='word_1_517' title='bbox 834 3837 889 3892; x_wconf 90' lang='lat' dir='ltr'>ullo</span> <span class='ocrx_word' id='word_1_518' title='bbox 908 3839 988 3894; x_wconf 82' lang='lat' dir='ltr'>niodo</span> <span class='ocrx_word' id='word_1_519' title='bbox 1007 3846 1097 3909; x_wconf 88' lang='lat' dir='ltr'>potest</span> <span class='ocrx_word' id='word_1_520' title='bbox 1147 3836 1342 3891; x_wconf 73' lang='lat' dir='ltr'>distribuerent</span> <span class='ocrx_word' id='word_1_521' title='bbox 1358 3836 1428 3891; x_wconf 79' lang='lat' dir='ltr'>cibor</span> <span class='ocrx_word' id='word_1_522' title='bbox 1439 3854 1584 3908; x_wconf 83' lang='lat' dir='ltr'>pauperum</span> <span class='ocrx_word' id='word_1_523' title='bbox 1597 3854 1685 3894; x_wconf 79' lang='lat' dir='ltr'>omues</span> <span class='ocrx_word' id='word_1_524' title='bbox 1697 3840 1836 3910; x_wconf 70' lang='lat' dir='ltr'>facultates</span> <span class='ocrx_word' id='word_1_525' title='bbox 1853 3859 1935 3908; x_wconf 83' lang='lat' dir='ltr'>mear,</span> 
     </span>
     <span class='ocr_line' id='line_1_37' title="bbox 286 3926 1935 3998; baseline 0.005 -17"><span class='ocrx_word' id='word_1_526' title='bbox 286 3942 288 3945; x_wconf 75' lang='grc'>’</span> <span class='ocrx_word' id='word_1_527' title='bbox 308 3929 375 3997; x_wconf 78' lang='lat' dir='ltr'>qood</span> <span class='ocrx_word' id='word_1_528' title='bbox 386 3926 516 3998; x_wconf 86' lang='lat' dir='ltr'>templum</span> <span class='ocrx_word' id='word_1_529' title='bbox 529 3928 578 3982; x_wconf 82' lang='lat' dir='ltr'>out</span> <span class='ocrx_word' id='word_1_530' title='bbox 593 3927 637 3993; x_wconf 87' lang='lat' dir='ltr'>sit,</span> <span class='ocrx_word' id='word_1_531' title='bbox 653 3928 681 3982; x_wconf 91' lang='lat' dir='ltr'>in</span> <span class='ocrx_word' id='word_1_532' title='bbox 695 3943 749 3997; x_wconf 85' lang='lat' dir='ltr'>quo</span> <span class='ocrx_word' id='word_1_533' title='bbox 761 3927 865 3982; x_wconf 85' lang='lat' dir='ltr'>habitat</span> <span class='ocrx_word' id='word_1_534' title='bbox 883 3927 1017 3994; x_wconf 75' lang='lat' dir='ltr'>ebaritas,</span> <span class='ocrx_word' id='word_1_535' title='bbox 1031 3926 1097 3983; x_wconf 86' lang='lat' dir='ltr'>dicit</span> <span class='ocrx_word' id='word_1_536' title='bbox 1147 3937 1171 3983; x_wconf 82' lang='lat' dir='ltr'>et</span> <span class='ocrx_word' id='word_1_537' title='bbox 1183 3928 1206 3981; x_wconf 87' lang='lat' dir='ltr'>si</span> <span class='ocrx_word' id='word_1_538' title='bbox 1217 3926 1352 3982; x_wconf 79' lang='lat' dir='ltr'>tradidero</span> <span class='ocrx_word' id='word_1_539' title='bbox 1366 3932 1459 3998; x_wconf 83' lang='lat' dir='ltr'>c&#39;orptu</span> <span class='ocrx_word' id='word_1_540' title='bbox 1469 3946 1553 3983; x_wconf 85' lang='lat' dir='ltr'>meunt</span> <span class='ocrx_word' id='word_1_541' title='bbox 1562 3930 1599 3984; x_wconf 91' lang='lat' dir='ltr'>itu</span> <span class='ocrx_word' id='word_1_542' title='bbox 1611 3943 1639 3984; x_wconf 86' lang='lat' dir='ltr'>ut</span> <span class='ocrx_word' id='word_1_543' title='bbox 1651 3931 1770 3998; x_wconf 80' lang='lat' dir='ltr'>ordeum,</span> <span class='ocrx_word' id='word_1_544' title='bbox 1780 3933 1935 3990; x_wconf 65' lang='lat' dir='ltr'>ciuntuteut</span> 
     </span>
     <span class='ocr_line' id='line_1_38' title="bbox 308 4015 1932 4095; baseline 0.004 -23"><span class='ocrx_word' id='word_1_545' title='bbox 308 4019 376 4073; x_wconf 88' lang='lat' dir='ltr'>enim</span> <span class='ocrx_word' id='word_1_546' title='bbox 389 4016 529 4073; x_wconf 76' lang='lat' dir='ltr'>loannes:</span> <span class='ocrx_word' id='word_1_547' title='bbox 555 4015 626 4071; x_wconf 79' lang='lat' dir='ltr'>Deus</span> <span class='ocrx_word' id='word_1_548' title='bbox 649 4026 686 4071; x_wconf 83' lang='lat' dir='ltr'>est</span> <span class='ocrx_word' id='word_1_549' title='bbox 711 4017 838 4071; x_wconf 85' lang='lat' dir='ltr'>clrnritor.</span> <span class='ocrx_word' id='word_1_550' title='bbox 865 4015 928 4077; x_wconf 82' lang='lat' dir='ltr'>llaec</span> <span class='ocrx_word' id='word_1_551' title='bbox 946 4027 1036 4072; x_wconf 85' lang='lat' dir='ltr'>autern</span> <span class='ocrx_word' id='word_1_552' title='bbox 1055 4017 1097 4072; x_wconf 90' lang='lat' dir='ltr'>di·</span> <span class='ocrx_word' id='word_1_553' title='bbox 1149 4028 1304 4070; x_wconf 83' lang='lat' dir='ltr'>autemnon</span> <span class='ocrx_word' id='word_1_554' title='bbox 1325 4017 1450 4079; x_wconf 76' lang='lat' dir='ltr'>noluero,</span> <span class='ocrx_word' id='word_1_555' title='bbox 1469 4017 1610 4071; x_wconf 80' lang='lat' dir='ltr'>nilriiuribi</span> <span class='ocrx_word' id='word_1_556' title='bbox 1619 4018 1734 4088; x_wconf 80' lang='lat' dir='ltr'>prodest.</span> <span class='ocrx_word' id='word_1_557' title='bbox 1747 4018 1869 4077; x_wconf 78' lang='lat' dir='ltr'>Circuitus</span> <span class='ocrx_word' id='word_1_558' title='bbox 1882 4041 1932 4095; x_wconf 90' lang='lat' dir='ltr'>pu·</span> 
     </span>
     <span class='ocr_line' id='line_1_39' title="bbox 307 4105 1936 4185; baseline 0.001 -18"><span class='ocrx_word' id='word_1_559' title='bbox 307 4122 396 4169; x_wconf 83' lang='lat' dir='ltr'>oerites</span> <span class='ocrx_word' id='word_1_560' title='bbox 420 4111 545 4183; x_wconf 87' lang='lat' dir='ltr'>apostoli,</span> <span class='ocrx_word' id='word_1_561' title='bbox 575 4119 602 4166; x_wconf 89' lang='lat' dir='ltr'>et</span> <span class='ocrx_word' id='word_1_562' title='bbox 637 4111 714 4166; x_wconf 85' lang='lat' dir='ltr'>nobis</span> <span class='ocrx_word' id='word_1_563' title='bbox 739 4111 881 4166; x_wconf 88' lang='lat' dir='ltr'>eharitatis</span> <span class='ocrx_word' id='word_1_564' title='bbox 909 4111 1096 4167; x_wconf 71' lang='lat' dir='ltr'>excellentiam</span> <span class='ocrx_word' id='word_1_565' title='bbox 1148 4105 1393 4176; x_wconf 80' lang='lat' dir='ltr'>tieurert,ieuipuu</span> <span class='ocrx_word' id='word_1_566' title='bbox 1407 4105 1804 4178; x_wconf 78' lang='lat' dir='ltr'>en,cturnununuuutunr,</span> <span class='ocrx_word' id='word_1_567' title='bbox 1819 4116 1936 4185; x_wconf 83' lang='lat' dir='ltr'>nonagit</span> 
     </span>
     <span class='ocr_line' id='line_1_40' title="bbox 309 4198 1937 4276; baseline 0.002 -19"><span class='ocrx_word' id='word_1_568' title='bbox 309 4203 535 4267; x_wconf 85' lang='lat' dir='ltr'>commendantes,</span> <span class='ocrx_word' id='word_1_569' title='bbox 550 4216 604 4256; x_wconf 93' lang='lat' dir='ltr'>non</span> <span class='ocrx_word' id='word_1_570' title='bbox 629 4202 722 4270; x_wconf 86' lang='lat' dir='ltr'>otique</span> <span class='ocrx_word' id='word_1_571' title='bbox 739 4200 821 4266; x_wconf 85' lang='lat' dir='ltr'>alind,</span> <span class='ocrx_word' id='word_1_572' title='bbox 844 4201 896 4255; x_wconf 93' lang='lat' dir='ltr'>nisi</span> <span class='ocrx_word' id='word_1_573' title='bbox 916 4203 987 4270; x_wconf 83' lang='lat' dir='ltr'>qriosl</span> <span class='ocrx_word' id='word_1_574' title='bbox 1007 4218 1097 4256; x_wconf 84' lang='lat' dir='ltr'>eonre-</span> <span class='ocrx_word' id='word_1_575' title='bbox 1146 4213 1290 4266; x_wconf 78' lang='lat' dir='ltr'>perperam,</span> <span class='ocrx_word' id='word_1_576' title='bbox 1306 4198 1489 4266; x_wconf 74' lang='lat' dir='ltr'>uariatione,</span> <span class='ocrx_word' id='word_1_577' title='bbox 1504 4200 1766 4269; x_wconf 81' lang='lat' dir='ltr'>uouertumiitioun,</span> <span class='ocrx_word' id='word_1_578' title='bbox 1779 4208 1937 4276; x_wconf 78' lang='lat' dir='ltr'>uoupuuru</span> 
     </span>
     <span class='ocr_line' id='line_1_41' title="bbox 310 4290 1938 4366; baseline 0.004 -21"><span class='ocrx_word' id='word_1_579' title='bbox 310 4293 409 4358; x_wconf 88' lang='lat' dir='ltr'>derant,</span> <span class='ocrx_word' id='word_1_580' title='bbox 421 4301 565 4347; x_wconf 87' lang='lat' dir='ltr'>eructuare</span> <span class='ocrx_word' id='word_1_581' title='bbox 577 4297 711 4359; x_wconf 87' lang='lat' dir='ltr'>poterant.</span> <span class='ocrx_word' id='word_1_582' title='bbox 724 4290 782 4359; x_wconf 91' lang='lat' dir='ltr'>lpse</span> <span class='ocrx_word' id='word_1_583' title='bbox 793 4290 890 4360; x_wconf 86' lang='lat' dir='ltr'>quippe</span> <span class='ocrx_word' id='word_1_584' title='bbox 903 4291 1032 4344; x_wconf 77' lang='lat' dir='ltr'>bertuinus</span> <span class='ocrx_word' id='word_1_585' title='bbox 1049 4305 1094 4359; x_wconf 87' lang='lat' dir='ltr'>pa·</span> <span class='ocrx_word' id='word_1_586' title='bbox 1146 4304 1205 4358; x_wconf 78' lang='lat' dir='ltr'>pun</span> <span class='ocrx_word' id='word_1_587' title='bbox 1221 4304 1269 4343; x_wconf 83' lang='lat' dir='ltr'>stru</span> <span class='ocrx_word' id='word_1_588' title='bbox 1289 4298 1359 4355; x_wconf 83' lang='lat' dir='ltr'>runt,</span> <span class='ocrx_word' id='word_1_589' title='bbox 1377 4305 1428 4343; x_wconf 88' lang='lat' dir='ltr'>uon</span> <span class='ocrx_word' id='word_1_590' title='bbox 1440 4290 1570 4358; x_wconf 84' lang='lat' dir='ltr'>irritetur,</span> <span class='ocrx_word' id='word_1_591' title='bbox 1583 4307 1634 4349; x_wconf 88' lang='lat' dir='ltr'>nnn</span> <span class='ocrx_word' id='word_1_592' title='bbox 1647 4293 1742 4366; x_wconf 77' lang='lat' dir='ltr'>cogitat</span> <span class='ocrx_word' id='word_1_593' title='bbox 1764 4295 1872 4363; x_wconf 80' lang='lat' dir='ltr'>molon,</span> <span class='ocrx_word' id='word_1_594' title='bbox 1885 4313 1938 4353; x_wconf 86' lang='lat' dir='ltr'>non</span> 
     </span>
     <span class='ocr_line' id='line_1_42' title="bbox 309 4379 1935 4458; baseline 0.005 -21"><span class='ocrx_word' id='word_1_595' title='bbox 309 4398 382 4438; x_wconf 83' lang='lat' dir='ltr'>scens</span> <span class='ocrx_word' id='word_1_596' title='bbox 395 4397 443 4437; x_wconf 90' lang='lat' dir='ltr'>eos</span> <span class='ocrx_word' id='word_1_597' title='bbox 458 4382 520 4436; x_wconf 90' lang='lat' dir='ltr'>cibo</span> <span class='ocrx_word' id='word_1_598' title='bbox 530 4380 636 4444; x_wconf 90' lang='lat' dir='ltr'>salutis,</span> <span class='ocrx_word' id='word_1_599' title='bbox 647 4379 892 4443; x_wconf 83' lang='lat' dir='ltr'>verbocbaritatis,</span> <span class='ocrx_word' id='word_1_600' title='bbox 903 4379 975 4448; x_wconf 83' lang='lat' dir='ltr'>qnod</span> <span class='ocrx_word' id='word_1_601' title='bbox 987 4390 1029 4434; x_wconf 88' lang='grc' dir='ltr'>εει</span> <span class='ocrx_word' id='word_1_602' title='bbox 1039 4380 1096 4450; x_wconf 83' lang='grc' dir='ltr'><strong>1ρεε</strong></span> <span class='ocrx_word' id='word_1_603' title='bbox 1147 4381 1242 4455; x_wconf 78' lang='lat' dir='ltr'>pruriet</span> <span class='ocrx_word' id='word_1_604' title='bbox 1270 4397 1347 4457; x_wconf 85' lang='lat' dir='ltr'>tttper</span> <span class='ocrx_word' id='word_1_605' title='bbox 1375 4382 1522 4456; x_wconf 80' lang='lat' dir='ltr'>iniquitute,</span> <span class='ocrx_word' id='word_1_606' title='bbox 1551 4387 1695 4458; x_wconf 79' lang='lat' dir='ltr'>congaudet</span> <span class='ocrx_word' id='word_1_607' title='bbox 1723 4398 1810 4444; x_wconf 82' lang='lat' dir='ltr'>antem</span> <span class='ocrx_word' id='word_1_608' title='bbox 1823 4391 1935 4446; x_wconf 85' lang='lat' dir='ltr'>ueritati.</span> 
     </span>
     <span class='ocr_line' id='line_1_43' title="bbox 309 4470 1938 4549; baseline 0.004 -20"><span class='ocrx_word' id='word_1_609' title='bbox 309 4470 1093 4546; x_wconf 68' lang='lat' dir='ltr'>mirisritnsquidecoelodescctttlil,Mandatum,t&#39;nqoit,</span> <span class='ocrx_word' id='word_1_610' title='bbox 1149 4473 1245 4529; x_wconf 81' lang='lat' dir='ltr'>Ouinio</span> <span class='ocrx_word' id='word_1_611' title='bbox 1259 4475 1361 4544; x_wconf 71' lang='lat' dir='ltr'>rupert,</span> <span class='ocrx_word' id='word_1_612' title='bbox 1386 4476 1474 4530; x_wconf 88' lang='lat' dir='ltr'>omnio</span> <span class='ocrx_word' id='word_1_613' title='bbox 1496 4476 1587 4543; x_wconf 81' lang='lat' dir='ltr'>eredit,</span> <span class='ocrx_word' id='word_1_614' title='bbox 1615 4479 1703 4532; x_wconf 87' lang='lat' dir='ltr'>omnio</span> <span class='ocrx_word' id='word_1_615' title='bbox 1726 4489 1822 4549; x_wconf 78' lang='lat' dir='ltr'>sperat,</span> <span class='ocrx_word' id='word_1_616' title='bbox 1850 4482 1938 4535; x_wconf 86' lang='lat' dir='ltr'>omniu</span> 
     </span>
     <span class='ocr_line' id='line_1_44' title="bbox 310 4565 1936 4640; baseline 0.004 -22"><span class='ocrx_word' id='word_1_617' title='bbox 310 4582 399 4619; x_wconf 86' lang='lat' dir='ltr'>uorum</span> <span class='ocrx_word' id='word_1_618' title='bbox 413 4566 447 4620; x_wconf 80' lang='lat' dir='ltr'>do</span> <span class='ocrx_word' id='word_1_619' title='bbox 467 4566 546 4630; x_wconf 76' lang='lat' dir='ltr'>rolris,</span> <span class='ocrx_word' id='word_1_620' title='bbox 559 4575 586 4619; x_wconf 90' lang='lat' dir='ltr'>ut</span> <span class='ocrx_word' id='word_1_621' title='bbox 603 4583 648 4620; x_wconf 78' lang='lat' dir='ltr'>nor</span> <span class='ocrx_word' id='word_1_622' title='bbox 664 4566 780 4637; x_wconf 83' lang='lat' dir='ltr'>diliputir</span> <span class='ocrx_word' id='word_1_623' title='bbox 795 4567 903 4622; x_wconf 84' lang='lat' dir='ltr'>inuicem</span> <span class='ocrx_word' id='word_1_624' title='bbox 917 4566 1008 4639; x_wconf 84' lang='lat' dir='ltr'>(loun.</span> <span class='ocrx_word' id='word_1_625' title='bbox 1023 4565 1094 4639; x_wconf 78' lang='lat' dir='ltr'>arn).</span> <span class='ocrx_word' id='word_1_626' title='bbox 1147 4566 1256 4619; x_wconf 78' lang='lat' dir='ltr'>sustinet</span> <span class='ocrx_word' id='word_1_627' title='bbox 1281 4581 1290 4619; x_wconf 88' lang='grc'>.·</span> <span class='ocrx_word' id='word_1_628' title='bbox 1315 4566 1431 4620; x_wconf 70' lang='lat' dir='ltr'>ciuntur</span> <span class='ocrx_word' id='word_1_629' title='bbox 1449 4582 1581 4636; x_wconf 80' lang='lat' dir='ltr'>uunquam</span> <span class='ocrx_word' id='word_1_630' title='bbox 1600 4568 1697 4622; x_wconf 76' lang='lat' dir='ltr'>excidit</span> <span class='ocrx_word' id='word_1_631' title='bbox 1729 4567 1757 4640; x_wconf 90' lang='grc'>(1</span> <span class='ocrx_word' id='word_1_632' title='bbox 1776 4566 1836 4622; x_wconf 83' lang='lat' dir='ltr'>Cor.</span> <span class='ocrx_word' id='word_1_633' title='bbox 1863 4569 1936 4640; x_wconf 83' lang='lat' dir='ltr'>xrtt).</span> 
     </span>
     <span class='ocr_line' id='line_1_45' title="bbox 310 4653 1935 4730; baseline 0.007 -25"><span class='ocrx_word' id='word_1_634' title='bbox 310 4653 431 4725; x_wconf 85' lang='lat' dir='ltr'>Qniergo</span> <span class='ocrx_word' id='word_1_635' title='bbox 443 4662 536 4709; x_wconf 86' lang='lat' dir='ltr'>eontra</span> <span class='ocrx_word' id='word_1_636' title='bbox 548 4655 643 4709; x_wconf 89' lang='lat' dir='ltr'>mortis</span> <span class='ocrx_word' id='word_1_637' title='bbox 658 4663 819 4711; x_wconf 84' lang='lat' dir='ltr'>vetustatem</span> <span class='ocrx_word' id='word_1_638' title='bbox 839 4657 929 4711; x_wconf 87' lang='lat' dir='ltr'>attulit</span> <span class='ocrx_word' id='word_1_639' title='bbox 942 4658 1004 4712; x_wconf 72' lang='lat' dir='ltr'>ritae</span> <span class='ocrx_word' id='word_1_640' title='bbox 1021 4658 1096 4713; x_wconf 85' lang='lat' dir='ltr'>nori·</span> <span class='ocrx_word' id='word_1_641' title='bbox 1148 4655 1254 4722; x_wconf 85' lang='lat' dir='ltr'>Quanta</span> <span class='ocrx_word' id='word_1_642' title='bbox 1268 4666 1309 4712; x_wconf 88' lang='grc' dir='ltr'>εει</span> <span class='ocrx_word' id='word_1_643' title='bbox 1330 4657 1381 4713; x_wconf 90' lang='lat' dir='ltr'>ista</span> <span class='ocrx_word' id='word_1_644' title='bbox 1397 4659 1487 4713; x_wconf 91' lang='lat' dir='ltr'>anima</span> <span class='ocrx_word' id='word_1_645' title='bbox 1498 4658 1661 4728; x_wconf 82' lang='lat' dir='ltr'>linguarum,</span> <span class='ocrx_word' id='word_1_646' title='bbox 1673 4659 1825 4730; x_wconf 84' lang='lat' dir='ltr'>prophetia,</span> <span class='ocrx_word' id='word_1_647' title='bbox 1839 4661 1935 4724; x_wconf 81' lang='lat' dir='ltr'>uirtus,</span> 
     </span>
     <span class='ocr_line' id='line_1_46' title="bbox 311 4744 1937 4819; baseline 0.007 -22"><span class='ocrx_word' id='word_1_648' title='bbox 311 4752 398 4808; x_wconf 85' lang='lat' dir='ltr'>tatem,</span> <span class='ocrx_word' id='word_1_649' title='bbox 423 4744 481 4814; x_wconf 91' lang='lat' dir='ltr'>ipse</span> <span class='ocrx_word' id='word_1_650' title='bbox 494 4753 590 4800; x_wconf 84' lang='lat' dir='ltr'>eontra</span> <span class='ocrx_word' id='word_1_651' title='bbox 610 4754 687 4800; x_wconf 85' lang='lat' dir='ltr'>vetus</span> <span class='ocrx_word' id='word_1_652' title='bbox 706 4758 847 4816; x_wconf 88' lang='lat' dir='ltr'>peceatum</span> <span class='ocrx_word' id='word_1_653' title='bbox 863 4749 974 4819; x_wconf 88' lang='lat' dir='ltr'>opponit</span> <span class='ocrx_word' id='word_1_654' title='bbox 998 4765 1096 4805; x_wconf 84' lang='lat' dir='ltr'>norum</span> <span class='ocrx_word' id='word_1_655' title='bbox 1149 4757 1380 4803; x_wconf 89' lang='lat' dir='ltr'>sacrantentorum</span> <span class='ocrx_word' id='word_1_656' title='bbox 1399 4749 1483 4815; x_wconf 87' lang='lat' dir='ltr'>salus,</span> <span class='ocrx_word' id='word_1_657' title='bbox 1503 4749 1622 4804; x_wconf 73' lang='lat' dir='ltr'>scientiae</span> <span class='ocrx_word' id='word_1_658' title='bbox 1635 4749 1852 4816; x_wconf 88' lang='lat' dir='ltr'>solidamentum,</span> <span class='ocrx_word' id='word_1_659' title='bbox 1875 4751 1937 4808; x_wconf 80' lang='lat' dir='ltr'>iudei</span> 
     </span>
     <span class='ocr_line' id='line_1_47' title="bbox 310 4832 1939 4910; baseline 0.006 -22"><span class='ocrx_word' id='word_1_660' title='bbox 310 4834 471 4889; x_wconf 85' lang='lat' dir='ltr'>mandatum.</span> <span class='ocrx_word' id='word_1_661' title='bbox 485 4834 654 4905; x_wconf 83' lang='lat' dir='ltr'>Quapropter</span> <span class='ocrx_word' id='word_1_662' title='bbox 669 4844 746 4891; x_wconf 83' lang='lat' dir='ltr'>retus</span> <span class='ocrx_word' id='word_1_663' title='bbox 759 4848 899 4908; x_wconf 91' lang='lat' dir='ltr'>peccatum</span> <span class='ocrx_word' id='word_1_664' title='bbox 916 4840 1039 4910; x_wconf 80' lang='lat' dir='ltr'>qritsqnts</span> <span class='ocrx_word' id='word_1_665' title='bbox 1056 4841 1097 4896; x_wconf 84' lang='lat' dir='ltr'>vis</span> <span class='ocrx_word' id='word_1_666' title='bbox 1109 4832 1136 4891; x_wconf 89' lang='lat' dir='ltr'>D</span> <span class='ocrx_word' id='word_1_667' title='bbox 1150 4840 1263 4904; x_wconf 79' lang='lat' dir='ltr'>fruetus,</span> <span class='ocrx_word' id='word_1_668' title='bbox 1279 4839 1379 4893; x_wconf 71' lang='lat' dir='ltr'>diuitiae</span> <span class='ocrx_word' id='word_1_669' title='bbox 1401 4854 1560 4909; x_wconf 89' lang='lat' dir='ltr'>pauperum,</span> <span class='ocrx_word' id='word_1_670' title='bbox 1581 4839 1636 4894; x_wconf 84' lang='lat' dir='ltr'>vita</span> <span class='ocrx_word' id='word_1_671' title='bbox 1660 4839 1851 4895; x_wconf 88' lang='lat' dir='ltr'>morientium!</span> <span class='ocrx_word' id='word_1_672' title='bbox 1868 4842 1939 4909; x_wconf 88' lang='lat' dir='ltr'>Quid</span> 
     </span>
    </p>
   </div>
   <div class='ocr_carea' id='block_1_4' title="bbox 303 4924 1097 5996">
    <p class='ocr_par' dir='ltr' id='par_1_6' title="bbox 303 4924 1097 5996">
     <span class='ocr_line' id='line_1_48' title="bbox 311 4924 1096 4997; baseline 0.011 -20"><span class='ocrx_word' id='word_1_673' title='bbox 311 4924 488 4994; x_wconf 77' lang='lat' dir='ltr'>exstinguere,</span> <span class='ocrx_word' id='word_1_674' title='bbox 501 4925 629 4979; x_wconf 86' lang='lat' dir='ltr'>mandato</span> <span class='ocrx_word' id='word_1_675' title='bbox 638 4939 708 4979; x_wconf 83' lang='lat' dir='ltr'>novo</span> <span class='ocrx_word' id='word_1_676' title='bbox 726 4927 868 4996; x_wconf 81' lang='lat' dir='ltr'>exstingue</span> <span class='ocrx_word' id='word_1_677' title='bbox 883 4928 1056 4997; x_wconf 87' lang='lat' dir='ltr'>cupiditatem</span> <span class='ocrx_word' id='word_1_678' title='bbox 1068 4938 1096 4986; x_wconf 91' lang='grc' dir='ltr'><strong>ει</strong></span> 
     </span>
     <span class='ocr_line' id='line_1_49' title="bbox 311 5014 1096 5083; baseline 0.011 -18"><span class='ocrx_word' id='word_1_679' title='bbox 311 5015 469 5083; x_wconf 84' lang='lat' dir='ltr'>amplectere</span> <span class='ocrx_word' id='word_1_680' title='bbox 493 5016 664 5071; x_wconf 87' lang='lat' dir='ltr'>charitatem.</span> <span class='ocrx_word' id='word_1_681' title='bbox 694 5014 771 5071; x_wconf 89' lang='lat' dir='ltr'>Sicut</span> <span class='ocrx_word' id='word_1_682' title='bbox 794 5017 867 5071; x_wconf 87' lang='lat' dir='ltr'>enim</span> <span class='ocrx_word' id='word_1_683' title='bbox 889 5018 1096 5074; x_wconf 79' lang='lat' dir='ltr'>radiuoruniuru</span> 
     </span>
     <span class='ocr_line' id='line_1_50' title="bbox 310 5106 1095 5179; baseline 0.01 -22"><span class='ocrx_word' id='word_1_684' title='bbox 310 5106 435 5159; x_wconf 83' lang='lat' dir='ltr'>urniorum</span> <span class='ocrx_word' id='word_1_685' title='bbox 448 5106 576 5176; x_wconf 76' lang='lat' dir='ltr'>cupiditas</span> <span class='ocrx_word' id='word_1_686' title='bbox 595 5106 620 5178; x_wconf 88' lang='lat' dir='ltr'>(l</span> <span class='ocrx_word' id='word_1_687' title='bbox 660 5106 727 5161; x_wconf 81' lang='lat' dir='ltr'>lim.</span> <span class='ocrx_word' id='word_1_688' title='bbox 753 5106 803 5179; x_wconf 87' lang='lat' dir='ltr'>vr),</span> <span class='ocrx_word' id='word_1_689' title='bbox 827 5108 864 5162; x_wconf 90' lang='lat' dir='ltr'>ita</span> <span class='ocrx_word' id='word_1_690' title='bbox 886 5109 961 5164; x_wconf 85' lang='lat' dir='ltr'>radix</span> <span class='ocrx_word' id='word_1_691' title='bbox 976 5111 1095 5165; x_wconf 88' lang='lat' dir='ltr'>omniunt</span> 
     </span>
     <span class='ocr_line' id='line_1_51' title="bbox 310 5192 1095 5267; baseline 0.009 -20"><span class='ocrx_word' id='word_1_692' title='bbox 310 5192 437 5248; x_wconf 86' lang='lat' dir='ltr'>bonorum</span> <span class='ocrx_word' id='word_1_693' title='bbox 458 5194 587 5249; x_wconf 87' lang='lat' dir='ltr'>ebaritas.</span> <span class='ocrx_word' id='word_1_694' title='bbox 606 5193 702 5250; x_wconf 89' lang='lat' dir='ltr'>Totam</span> <span class='ocrx_word' id='word_1_695' title='bbox 724 5198 934 5267; x_wconf 75' lang='lat' dir='ltr'>magnitudinem</span> <span class='ocrx_word' id='word_1_696' title='bbox 954 5208 981 5255; x_wconf 94' lang='lat' dir='ltr'>ct</span> <span class='ocrx_word' id='word_1_697' title='bbox 1002 5200 1095 5254; x_wconf 86' lang='lat' dir='ltr'>latitu-</span> 
     </span>
     <span class='ocr_line' id='line_1_52' title="bbox 309 5284 1097 5359; baseline 0.008 -19"><span class='ocrx_word' id='word_1_698' title='bbox 309 5284 394 5340; x_wconf 83' lang='lat' dir='ltr'>dinem</span> <span class='ocrx_word' id='word_1_699' title='bbox 413 5285 566 5340; x_wconf 80' lang='lat' dir='ltr'>diuinorum</span> <span class='ocrx_word' id='word_1_700' title='bbox 582 5287 750 5357; x_wconf 78' lang='lat' dir='ltr'>eloquiorom</span> <span class='ocrx_word' id='word_1_701' title='bbox 765 5305 861 5345; x_wconf 87' lang='lat' dir='ltr'>secura</span> <span class='ocrx_word' id='word_1_702' title='bbox 875 5291 994 5359; x_wconf 84' lang='lat' dir='ltr'>possidet</span> <span class='ocrx_word' id='word_1_703' title='bbox 1006 5293 1097 5346; x_wconf 85' lang='lat' dir='ltr'>citari·</span> 
     </span>
     <span class='ocr_line' id='line_1_53' title="bbox 309 5379 1094 5453; baseline 0.011 -23"><span class='ocrx_word' id='word_1_704' title='bbox 309 5385 357 5441; x_wconf 87' lang='lat' dir='ltr'>tas,</span> <span class='ocrx_word' id='word_1_705' title='bbox 370 5393 423 5447; x_wconf 83' lang='lat' dir='ltr'>qua</span> <span class='ocrx_word' id='word_1_706' title='bbox 437 5379 534 5445; x_wconf 76' lang='lat' dir='ltr'>lienam</span> <span class='ocrx_word' id='word_1_707' title='bbox 548 5381 755 5453; x_wconf 82' lang='lat' dir='ltr'>proximumque</span> <span class='ocrx_word' id='word_1_708' title='bbox 769 5382 915 5453; x_wconf 85' lang='lat' dir='ltr'>diligimus.</span> <span class='ocrx_word' id='word_1_709' title='bbox 931 5383 1013 5438; x_wconf 86' lang='lat' dir='ltr'>Docet</span> <span class='ocrx_word' id='word_1_710' title='bbox 1023 5385 1094 5439; x_wconf 87' lang='lat' dir='ltr'>cairo</span> 
     </span>
     <span class='ocr_line' id='line_1_54' title="bbox 309 5467 1096 5544; baseline 0.011 -26"><span class='ocrx_word' id='word_1_711' title='bbox 309 5482 353 5521; x_wconf 89' lang='lat' dir='ltr'>nos</span> <span class='ocrx_word' id='word_1_712' title='bbox 369 5467 491 5523; x_wconf 69' lang='lat' dir='ltr'>eoelestis</span> <span class='ocrx_word' id='word_1_713' title='bbox 504 5485 574 5524; x_wconf 91' lang='lat' dir='ltr'>unns</span> <span class='ocrx_word' id='word_1_714' title='bbox 595 5471 724 5540; x_wconf 88' lang='lat' dir='ltr'>magister</span> <span class='ocrx_word' id='word_1_715' title='bbox 745 5479 773 5525; x_wconf 90' lang='lat' dir='ltr'>et</span> <span class='ocrx_word' id='word_1_716' title='bbox 791 5471 874 5526; x_wconf 90' lang='lat' dir='ltr'>dicit:</span> <span class='ocrx_word' id='word_1_717' title='bbox 892 5471 990 5544; x_wconf 77' lang='lat' dir='ltr'>Diliges</span> <span class='ocrx_word' id='word_1_718' title='bbox 1005 5473 1096 5527; x_wconf 88' lang='lat' dir='ltr'>Domi-</span> 
     </span>
     <span class='ocr_line' id='line_1_55' title="bbox 307 5557 1096 5626; baseline 0.011 -17"><span class='ocrx_word' id='word_1_719' title='bbox 307 5572 365 5610; x_wconf 79' lang='lat' dir='ltr'>rrur</span> <span class='ocrx_word' id='word_1_720' title='bbox 379 5557 463 5610; x_wconf 77' lang='lat' dir='ltr'>ileum</span> <span class='ocrx_word' id='word_1_721' title='bbox 477 5569 551 5613; x_wconf 90' lang='lat' dir='ltr'>tuum</span> <span class='ocrx_word' id='word_1_722' title='bbox 570 5576 602 5613; x_wconf 81' lang='lat' dir='ltr'>en</span> <span class='ocrx_word' id='word_1_723' title='bbox 615 5569 668 5614; x_wconf 89' lang='lat' dir='ltr'>toto</span> <span class='ocrx_word' id='word_1_724' title='bbox 681 5561 758 5614; x_wconf 74' lang='lat' dir='ltr'>eorde</span> <span class='ocrx_word' id='word_1_725' title='bbox 776 5570 831 5626; x_wconf 91' lang='lat' dir='ltr'>tuo,</span> <span class='ocrx_word' id='word_1_726' title='bbox 853 5572 877 5615; x_wconf 88' lang='lat' dir='ltr'>et</span> <span class='ocrx_word' id='word_1_727' title='bbox 889 5579 921 5616; x_wconf 82' lang='lat' dir='ltr'>en</span> <span class='ocrx_word' id='word_1_728' title='bbox 940 5572 994 5616; x_wconf 90' lang='lat' dir='ltr'>toto</span> <span class='ocrx_word' id='word_1_729' title='bbox 1007 5564 1096 5618; x_wconf 75' lang='lat' dir='ltr'>urrfmo</span> 
     </span>
     <span class='ocr_line' id='line_1_56' title="bbox 306 5649 1096 5722; baseline 0.013 -26"><span class='ocrx_word' id='word_1_730' title='bbox 306 5655 358 5710; x_wconf 87' lang='lat' dir='ltr'>trin,</span> <span class='ocrx_word' id='word_1_731' title='bbox 367 5658 391 5700; x_wconf 83' lang='lat' dir='ltr'>et</span> <span class='ocrx_word' id='word_1_732' title='bbox 402 5664 435 5701; x_wconf 77' lang='lat' dir='ltr'>ea</span> <span class='ocrx_word' id='word_1_733' title='bbox 444 5649 507 5703; x_wconf 79' lang='lat' dir='ltr'>totis</span> <span class='ocrx_word' id='word_1_734' title='bbox 519 5650 616 5704; x_wconf 76' lang='lat' dir='ltr'>uirilius</span> <span class='ocrx_word' id='word_1_735' title='bbox 629 5651 691 5716; x_wconf 77' lang='lat' dir='ltr'>tuis,</span> <span class='ocrx_word' id='word_1_736' title='bbox 705 5660 730 5703; x_wconf 84' lang='lat' dir='ltr'>et</span> <span class='ocrx_word' id='word_1_737' title='bbox 747 5651 838 5721; x_wconf 76' lang='lat' dir='ltr'>diliges</span> <span class='ocrx_word' id='word_1_738' title='bbox 852 5653 1002 5722; x_wconf 74' lang='lat' dir='ltr'>proximum</span> <span class='ocrx_word' id='word_1_739' title='bbox 1022 5663 1096 5706; x_wconf 92' lang='lat' dir='ltr'>tuum</span> 
     </span>
     <span class='ocr_line' id='line_1_57' title="bbox 305 5738 1097 5818; baseline 0.016 -27"><span class='ocrx_word' id='word_1_740' title='bbox 305 5738 367 5792; x_wconf 77' lang='lat' dir='ltr'>sicut</span> <span class='ocrx_word' id='word_1_741' title='bbox 379 5743 513 5812; x_wconf 81' lang='lat' dir='ltr'>teipsum:</span> <span class='ocrx_word' id='word_1_742' title='bbox 528 5742 555 5795; x_wconf 90' lang='lat' dir='ltr'>iu</span> <span class='ocrx_word' id='word_1_743' title='bbox 568 5743 607 5796; x_wconf 85' lang='lat' dir='ltr'>iris</span> <span class='ocrx_word' id='word_1_744' title='bbox 621 5743 722 5798; x_wconf 79' lang='lat' dir='ltr'>duobus</span> <span class='ocrx_word' id='word_1_745' title='bbox 741 5748 886 5817; x_wconf 76' lang='lat' dir='ltr'>preceptis,</span> <span class='ocrx_word' id='word_1_746' title='bbox 907 5757 961 5801; x_wconf 90' lang='lat' dir='ltr'>totu</span> <span class='ocrx_word' id='word_1_747' title='bbox 981 5748 1024 5802; x_wconf 78' lang='lat' dir='ltr'>lea</span> <span class='ocrx_word' id='word_1_748' title='bbox 1034 5765 1097 5818; x_wconf 85' lang='lat' dir='ltr'>peu-</span> 
     </span>
     <span class='ocr_line' id='line_1_58' title="bbox 305 5827 1096 5907; baseline 0.016 -26"><span class='ocrx_word' id='word_1_749' title='bbox 305 5829 345 5884; x_wconf 77' lang='lat' dir='ltr'>det</span> <span class='ocrx_word' id='word_1_750' title='bbox 356 5842 379 5886; x_wconf 84' lang='lat' dir='ltr'>rt</span> <span class='ocrx_word' id='word_1_751' title='bbox 388 5834 525 5904; x_wconf 80' lang='lat' dir='ltr'>proplietoe</span> <span class='ocrx_word' id='word_1_752' title='bbox 536 5827 720 5907; x_wconf 80' lang='lat' dir='ltr'>(iluttltsan).</span> <span class='ocrx_word' id='word_1_753' title='bbox 735 5835 763 5891; x_wconf 92' lang='lat' dir='ltr'>Si</span> <span class='ocrx_word' id='word_1_754' title='bbox 775 5851 840 5907; x_wconf 84' lang='lat' dir='ltr'>ergo</span> <span class='ocrx_word' id='word_1_755' title='bbox 852 5853 906 5892; x_wconf 92' lang='lat' dir='ltr'>uon</span> <span class='ocrx_word' id='word_1_756' title='bbox 916 5849 1096 5895; x_wconf 81' lang='lat' dir='ltr'>vacatonnres</span> 
     </span>
     <span class='ocr_line' id='line_1_59' title="bbox 303 5923 1097 5996; baseline 0.016 -23"><span class='ocrx_word' id='word_1_757' title='bbox 303 5923 413 5992; x_wconf 77' lang='lat' dir='ltr'>prgirtas</span> <span class='ocrx_word' id='word_1_758' title='bbox 435 5933 548 5980; x_wconf 85' lang='lat' dir='ltr'>sanctas</span> <span class='ocrx_word' id='word_1_759' title='bbox 569 5928 743 5996; x_wconf 89' lang='lat' dir='ltr'>perscrutari,</span> <span class='ocrx_word' id='word_1_760' title='bbox 769 5929 859 5983; x_wconf 85' lang='lat' dir='ltr'>oninia</span> <span class='ocrx_word' id='word_1_761' title='bbox 882 5930 1018 5985; x_wconf 79' lang='lat' dir='ltr'>uolumina</span> <span class='ocrx_word' id='word_1_762' title='bbox 1039 5947 1097 5985; x_wconf 87' lang='lat' dir='ltr'>ser·</span> 
     </span>
    </p>
   </div>
   <div class='ocr_carea' id='block_1_5' title="bbox 302 6016 1096 6092">
    <p class='ocr_par' dir='ltr' id='par_1_7' title="bbox 302 6016 1096 6092">
     <span class='ocr_line' id='line_1_60' title="bbox 302 6016 1096 6092; baseline 0.016 -29"><span class='ocrx_word' id='word_1_763' title='bbox 302 6027 410 6070; x_wconf 82' lang='lat' dir='ltr'>inuitant</span> <span class='ocrx_word' id='word_1_764' title='bbox 432 6016 573 6084; x_wconf 83' lang='lat' dir='ltr'>evolvere,</span> <span class='ocrx_word' id='word_1_765' title='bbox 588 6018 678 6072; x_wconf 86' lang='lat' dir='ltr'>omnia</span> <span class='ocrx_word' id='word_1_766' title='bbox 698 6017 901 6091; x_wconf 77' lang='lat' dir='ltr'>scripturarum</span> <span class='ocrx_word' id='word_1_767' title='bbox 921 6032 1026 6078; x_wconf 86' lang='lat' dir='ltr'>secreta</span> <span class='ocrx_word' id='word_1_768' title='bbox 1048 6037 1096 6092; x_wconf 92' lang='lat' dir='ltr'>pe-</span> 
     </span>
    </p>
   </div>
   <div class='ocr_carea' id='block_1_6' title="bbox 1147 4928 1940 6098">
    <p class='ocr_par' dir='ltr' id='par_1_8' title="bbox 1147 4928 1940 6098">
     <span class='ocr_line' id='line_1_61' title="bbox 1151 4928 1939 4999; baseline 0.005 -16"><span class='ocrx_word' id='word_1_769' title='bbox 1151 4938 1205 4984; x_wconf 79' lang='lat' dir='ltr'>nnu</span> <span class='ocrx_word' id='word_1_770' title='bbox 1229 4929 1429 4999; x_wconf 86' lang='lat' dir='ltr'>magnanimum</span> <span class='ocrx_word' id='word_1_771' title='bbox 1459 4943 1539 4996; x_wconf 87' lang='lat' dir='ltr'>quam</span> <span class='ocrx_word' id='word_1_772' title='bbox 1567 4942 1616 4998; x_wconf 92' lang='lat' dir='ltr'>pro</span> <span class='ocrx_word' id='word_1_773' title='bbox 1642 4928 1731 4999; x_wconf 91' lang='lat' dir='ltr'>impiis</span> <span class='ocrx_word' id='word_1_774' title='bbox 1757 4931 1843 4985; x_wconf 92' lang='lat' dir='ltr'>mori!</span> <span class='ocrx_word' id='word_1_775' title='bbox 1869 4931 1939 4999; x_wconf 90' lang='lat' dir='ltr'>Quid</span> 
     </span>
     <span class='ocr_line' id='line_1_62' title="bbox 1150 5017 1940 5091; baseline 0.005 -16"><span class='ocrx_word' id='word_1_776' title='bbox 1150 5030 1205 5075; x_wconf 89' lang='lat' dir='ltr'>tam</span> <span class='ocrx_word' id='word_1_777' title='bbox 1219 5019 1363 5088; x_wconf 86' lang='lat' dir='ltr'>benignum</span> <span class='ocrx_word' id='word_1_778' title='bbox 1379 5033 1461 5088; x_wconf 86' lang='lat' dir='ltr'>quam</span> <span class='ocrx_word' id='word_1_779' title='bbox 1483 5027 1511 5073; x_wconf 92' lang='lat' dir='ltr'>ct</span> <span class='ocrx_word' id='word_1_780' title='bbox 1527 5017 1649 5074; x_wconf 83' lang='lat' dir='ltr'>inimicos</span> <span class='ocrx_word' id='word_1_781' title='bbox 1672 5019 1801 5091; x_wconf 88' lang='lat' dir='ltr'>diligere!</span> <span class='ocrx_word' id='word_1_782' title='bbox 1820 5020 1882 5077; x_wconf 88' lang='lat' dir='ltr'>Sola</span> <span class='ocrx_word' id='word_1_783' title='bbox 1896 5030 1940 5079; x_wconf 85' lang='lat' dir='ltr'>est</span> 
     </span>
     <span class='ocr_line' id='line_1_63' title="bbox 1149 5108 1940 5182; baseline 0.008 -18"><span class='ocrx_word' id='word_1_784' title='bbox 1149 5127 1229 5182; x_wconf 86' lang='lat' dir='ltr'>qtratn</span> <span class='ocrx_word' id='word_1_785' title='bbox 1243 5109 1359 5164; x_wconf 82' lang='lat' dir='ltr'>felicitas</span> <span class='ocrx_word' id='word_1_786' title='bbox 1375 5108 1462 5162; x_wconf 87' lang='lat' dir='ltr'>aliena</span> <span class='ocrx_word' id='word_1_787' title='bbox 1483 5124 1536 5164; x_wconf 92' lang='lat' dir='ltr'>non</span> <span class='ocrx_word' id='word_1_788' title='bbox 1558 5113 1666 5181; x_wconf 88' lang='lat' dir='ltr'>premit,</span> <span class='ocrx_word' id='word_1_789' title='bbox 1681 5113 1744 5182; x_wconf 85' lang='lat' dir='ltr'>quia</span> <span class='ocrx_word' id='word_1_790' title='bbox 1761 5129 1815 5168; x_wconf 92' lang='lat' dir='ltr'>non</span> <span class='ocrx_word' id='word_1_791' title='bbox 1829 5116 1940 5172; x_wconf 75' lang='lat' dir='ltr'>aetatula·</span> 
     </span>
     <span class='ocr_line' id='line_1_64' title="bbox 1149 5202 1939 5282; baseline 0.009 -22"><span class='ocrx_word' id='word_1_792' title='bbox 1149 5216 1206 5272; x_wconf 84' lang='lat' dir='ltr'>tnr,</span> <span class='ocrx_word' id='word_1_793' title='bbox 1219 5205 1275 5260; x_wconf 91' lang='lat' dir='ltr'>sola</span> <span class='ocrx_word' id='word_1_794' title='bbox 1289 5214 1420 5274; x_wconf 86' lang='lat' dir='ltr'>estqnam</span> <span class='ocrx_word' id='word_1_795' title='bbox 1430 5202 1545 5261; x_wconf 87' lang='lat' dir='ltr'>ielieitas</span> <span class='ocrx_word' id='word_1_796' title='bbox 1555 5223 1604 5263; x_wconf 89' lang='lat' dir='ltr'>soa</span> <span class='ocrx_word' id='word_1_797' title='bbox 1614 5222 1666 5262; x_wconf 93' lang='lat' dir='ltr'>non</span> <span class='ocrx_word' id='word_1_798' title='bbox 1681 5210 1794 5277; x_wconf 86' lang='lat' dir='ltr'>extollit,</span> <span class='ocrx_word' id='word_1_799' title='bbox 1809 5213 1870 5282; x_wconf 89' lang='lat' dir='ltr'>quia</span> <span class='ocrx_word' id='word_1_800' title='bbox 1885 5229 1939 5267; x_wconf 92' lang='lat' dir='ltr'>nou</span> 
     </span>
     <span class='ocr_line' id='line_1_65' title="bbox 1148 5296 1938 5366; baseline 0.003 -14"><span class='ocrx_word' id='word_1_801' title='bbox 1148 5297 1271 5364; x_wconf 63' lang='lat' dir='ltr'>inflatum</span> <span class='ocrx_word' id='word_1_802' title='bbox 1290 5296 1347 5353; x_wconf 91' lang='lat' dir='ltr'>sola</span> <span class='ocrx_word' id='word_1_803' title='bbox 1367 5304 1409 5352; x_wconf 90' lang='lat' dir='ltr'>est</span> <span class='ocrx_word' id='word_1_804' title='bbox 1422 5311 1502 5366; x_wconf 90' lang='lat' dir='ltr'>qnam</span> <span class='ocrx_word' id='word_1_805' title='bbox 1525 5298 1690 5353; x_wconf 90' lang='lat' dir='ltr'>conscientia</span> <span class='ocrx_word' id='word_1_806' title='bbox 1705 5299 1775 5354; x_wconf 88' lang='lat' dir='ltr'>mala</span> <span class='ocrx_word' id='word_1_807' title='bbox 1791 5316 1843 5356; x_wconf 94' lang='lat' dir='ltr'>non</span> <span class='ocrx_word' id='word_1_808' title='bbox 1861 5317 1938 5357; x_wconf 88' lang='lat' dir='ltr'>corn-</span> 
     </span>
     <span class='ocr_line' id='line_1_66' title="bbox 1148 5387 1940 5461; baseline 0.009 -21"><span class='ocrx_word' id='word_1_809' title='bbox 1148 5388 1251 5458; x_wconf 85' lang='lat' dir='ltr'>pungit,</span> <span class='ocrx_word' id='word_1_810' title='bbox 1265 5387 1392 5459; x_wconf 89' lang='lat' dir='ltr'>quianon</span> <span class='ocrx_word' id='word_1_811' title='bbox 1406 5389 1462 5458; x_wconf 88' lang='lat' dir='ltr'>agit</span> <span class='ocrx_word' id='word_1_812' title='bbox 1476 5403 1638 5458; x_wconf 88' lang='lat' dir='ltr'>perperam:</span> <span class='ocrx_word' id='word_1_813' title='bbox 1656 5389 1727 5445; x_wconf 90' lang='lat' dir='ltr'>inter</span> <span class='ocrx_word' id='word_1_814' title='bbox 1738 5392 1882 5461; x_wconf 89' lang='lat' dir='ltr'>opprobria</span> <span class='ocrx_word' id='word_1_815' title='bbox 1897 5407 1940 5447; x_wconf 78' lang='grc' dir='ltr'>εε-</span> 
     </span>
     <span class='ocr_line' id='line_1_67' title="bbox 1148 5476 1940 5550; baseline 0.004 -20"><span class='ocrx_word' id='word_1_816' title='bbox 1148 5492 1225 5542; x_wconf 91' lang='lat' dir='ltr'>cnra,</span> <span class='ocrx_word' id='word_1_817' title='bbox 1248 5478 1318 5532; x_wconf 93' lang='lat' dir='ltr'>inter</span> <span class='ocrx_word' id='word_1_818' title='bbox 1331 5477 1393 5531; x_wconf 91' lang='lat' dir='ltr'>odia</span> <span class='ocrx_word' id='word_1_819' title='bbox 1409 5476 1530 5533; x_wconf 87' lang='lat' dir='ltr'>benctlca</span> <span class='ocrx_word' id='word_1_820' title='bbox 1544 5486 1601 5543; x_wconf 89' lang='lat' dir='ltr'>est;</span> <span class='ocrx_word' id='word_1_821' title='bbox 1625 5477 1696 5532; x_wconf 91' lang='lat' dir='ltr'>inter</span> <span class='ocrx_word' id='word_1_822' title='bbox 1718 5478 1864 5550; x_wconf 84' lang='lat' dir='ltr'>injuriosos</span> <span class='ocrx_word' id='word_1_823' title='bbox 1884 5479 1940 5549; x_wconf 90' lang='lat' dir='ltr'>pla·</span> 
     </span>
     <span class='ocr_line' id='line_1_68' title="bbox 1151 5565 1940 5638; baseline 0.003 -18"><span class='ocrx_word' id='word_1_824' title='bbox 1151 5565 1211 5620; x_wconf 90' lang='lat' dir='ltr'>eida</span> <span class='ocrx_word' id='word_1_825' title='bbox 1228 5575 1280 5632; x_wconf 91' lang='lat' dir='ltr'>cst,</span> <span class='ocrx_word' id='word_1_826' title='bbox 1298 5566 1370 5621; x_wconf 89' lang='lat' dir='ltr'>inter</span> <span class='ocrx_word' id='word_1_827' title='bbox 1383 5566 1494 5622; x_wconf 89' lang='lat' dir='ltr'>insidias</span> <span class='ocrx_word' id='word_1_828' title='bbox 1512 5567 1641 5622; x_wconf 88' lang='lat' dir='ltr'>innocens</span> <span class='ocrx_word' id='word_1_829' title='bbox 1659 5575 1722 5622; x_wconf 92' lang='lat' dir='ltr'>est:</span> <span class='ocrx_word' id='word_1_830' title='bbox 1745 5569 1816 5625; x_wconf 90' lang='lat' dir='ltr'>iuter</span> <span class='ocrx_word' id='word_1_831' title='bbox 1841 5567 1940 5638; x_wconf 83' lang='lat' dir='ltr'>iniqui-</span> 
     </span>
     <span class='ocr_line' id='line_1_69' title="bbox 1149 5656 1937 5728; baseline 0.003 -17"><span class='ocrx_word' id='word_1_832' title='bbox 1149 5665 1219 5711; x_wconf 91' lang='lat' dir='ltr'>tates</span> <span class='ocrx_word' id='word_1_833' title='bbox 1229 5671 1349 5725; x_wconf 81' lang='lat' dir='ltr'>gemens,</span> <span class='ocrx_word' id='word_1_834' title='bbox 1364 5657 1391 5711; x_wconf 93' lang='lat' dir='ltr'>in</span> <span class='ocrx_word' id='word_1_835' title='bbox 1404 5658 1518 5712; x_wconf 82' lang='lat' dir='ltr'>veritate</span> <span class='ocrx_word' id='word_1_836' title='bbox 1530 5658 1678 5728; x_wconf 85' lang='lat' dir='ltr'>respirans.</span> <span class='ocrx_word' id='word_1_837' title='bbox 1691 5658 1761 5728; x_wconf 89' lang='lat' dir='ltr'>Quid</span> <span class='ocrx_word' id='word_1_838' title='bbox 1775 5659 1817 5714; x_wconf 91' lang='lat' dir='ltr'>illa</span> <span class='ocrx_word' id='word_1_839' title='bbox 1829 5656 1937 5724; x_wconf 86' lang='lat' dir='ltr'>lortius,</span> 
     </span>
     <span class='ocr_line' id='line_1_70' title="bbox 1150 5748 1939 5819; baseline 0.005 -18"><span class='ocrx_word' id='word_1_840' title='bbox 1150 5763 1202 5802; x_wconf 91' lang='lat' dir='ltr'>non</span> <span class='ocrx_word' id='word_1_841' title='bbox 1218 5748 1252 5802; x_wconf 91' lang='lat' dir='ltr'>ad</span> <span class='ocrx_word' id='word_1_842' title='bbox 1270 5748 1467 5815; x_wconf 90' lang='lat' dir='ltr'>retribuendas,</span> <span class='ocrx_word' id='word_1_843' title='bbox 1493 5751 1541 5804; x_wconf 90' lang='lat' dir='ltr'>sed</span> <span class='ocrx_word' id='word_1_844' title='bbox 1558 5750 1591 5805; x_wconf 87' lang='lat' dir='ltr'>ad</span> <span class='ocrx_word' id='word_1_845' title='bbox 1615 5749 1783 5807; x_wconf 83' lang='lat' dir='ltr'>sotlerendas</span> <span class='ocrx_word' id='word_1_846' title='bbox 1805 5749 1939 5819; x_wconf 78' lang='lat' dir='ltr'>injuriant</span> 
     </span>
     <span class='ocr_line' id='line_1_71' title="bbox 1149 5837 1938 5907; baseline 0.009 -16"><span class='ocrx_word' id='word_1_847' title='bbox 1149 5837 1218 5905; x_wconf 88' lang='lat' dir='ltr'>Quid</span> <span class='ocrx_word' id='word_1_848' title='bbox 1238 5838 1281 5893; x_wconf 89' lang='lat' dir='ltr'>illa</span> <span class='ocrx_word' id='word_1_849' title='bbox 1297 5838 1413 5906; x_wconf 74' lang='lat' dir='ltr'>fidelius,</span> <span class='ocrx_word' id='word_1_850' title='bbox 1432 5855 1485 5896; x_wconf 94' lang='lat' dir='ltr'>non</span> <span class='ocrx_word' id='word_1_851' title='bbox 1499 5841 1624 5907; x_wconf 83' lang='lat' dir='ltr'>vanitati,</span> <span class='ocrx_word' id='word_1_852' title='bbox 1642 5844 1689 5899; x_wconf 87' lang='lat' dir='ltr'>sed</span> <span class='ocrx_word' id='word_1_853' title='bbox 1702 5840 1938 5899; x_wconf 74' lang='lat' dir='ltr'>eternitatiiNmrt</span> 
     </span>
     <span class='ocr_line' id='line_1_72' title="bbox 1147 5931 1939 6004; baseline 0.005 -18"><span class='ocrx_word' id='word_1_854' title='bbox 1147 5931 1209 5986; x_wconf 88' lang='lat' dir='ltr'>ideo</span> <span class='ocrx_word' id='word_1_855' title='bbox 1233 5932 1329 5988; x_wconf 87' lang='lat' dir='ltr'>tolerat</span> <span class='ocrx_word' id='word_1_856' title='bbox 1354 5935 1446 5989; x_wconf 91' lang='lat' dir='ltr'>omnia</span> <span class='ocrx_word' id='word_1_857' title='bbox 1475 5935 1501 5989; x_wconf 91' lang='lat' dir='ltr'>in</span> <span class='ocrx_word' id='word_1_858' title='bbox 1527 5936 1655 6004; x_wconf 83' lang='lat' dir='ltr'>praesenti</span> <span class='ocrx_word' id='word_1_859' title='bbox 1674 5934 1739 5998; x_wconf 83' lang='lat' dir='ltr'>vita,</span> <span class='ocrx_word' id='word_1_860' title='bbox 1765 5933 1827 6003; x_wconf 78' lang='lat' dir='ltr'>qrria</span> <span class='ocrx_word' id='word_1_861' title='bbox 1853 5935 1939 5990; x_wconf 86' lang='lat' dir='ltr'>credit</span> 
     </span>
     <span class='ocr_line' id='line_1_73' title="bbox 1147 6023 1938 6098; baseline 0.006 -21"><span class='ocrx_word' id='word_1_862' title='bbox 1147 6024 1236 6078; x_wconf 86' lang='lat' dir='ltr'>orrrnia</span> <span class='ocrx_word' id='word_1_863' title='bbox 1253 6025 1284 6078; x_wconf 90' lang='lat' dir='ltr'>dc</span> <span class='ocrx_word' id='word_1_864' title='bbox 1301 6023 1391 6079; x_wconf 90' lang='lat' dir='ltr'>lutura</span> <span class='ocrx_word' id='word_1_865' title='bbox 1404 6026 1469 6090; x_wconf 85' lang='lat' dir='ltr'>rita,</span> <span class='ocrx_word' id='word_1_866' title='bbox 1492 6034 1519 6080; x_wconf 87' lang='lat' dir='ltr'>et</span> <span class='ocrx_word' id='word_1_867' title='bbox 1542 6026 1636 6083; x_wconf 86' lang='lat' dir='ltr'>suiicrt</span> <span class='ocrx_word' id='word_1_868' title='bbox 1651 6025 1812 6098; x_wconf 78' lang='lat' dir='ltr'>omniaque</span> <span class='ocrx_word' id='word_1_869' title='bbox 1829 6028 1872 6084; x_wconf 85' lang='lat' dir='ltr'>irie</span> <span class='ocrx_word' id='word_1_870' title='bbox 1886 6027 1938 6082; x_wconf 80' lang='lat' dir='ltr'>int.-</span> 
     </span>
    </p>
   </div>
   <div class='ocr_carea' id='block_1_7' title="bbox 0 0 2254 6836">
    <p class='ocr_par' dir='ltr' id='par_1_9' title="bbox 0 0 2254 6836">
     <span class='ocr_line' id='line_1_74' title="bbox 0 0 2254 6836; baseline 0 0"><span class='ocrx_word' id='word_1_871' title='bbox 0 0 2254 6836; x_wconf 95' lang='lat' dir='ltr'> </span> 
     </span>
    </p>
   </div>
  </div>
 </body>
</html>
