4500 6842
259 703 313 757 aaa

722 695 899 753 conpellit.
922 695 953 749 tit
974 694 1200 749 tzitldttttlte'tt.
1220 725 1253 735 -
1273 692 1336 749 etit.
1359 692 1428 749 Xl'l.

1843 697 1905 752 M·

260 825 366 868 tanturn
394 822 467 865 amat
491 812 621 880 quaulum
637 809 734 868 credit.
750 819 842 879 sperat
858 818 885 861 ct
912 817 1052 877 operatur,
1067 810 1090 868 Λ
1105 807 1150 861 nbi
1175 822 1206 860 ιιι
1234 806 1578 877 ntmrorecompunctiouis
1597 808 1666 875 iguis
1690 810 1776 869 ardet,
1801 818 1829 863 ct
1851 824 1902 865 cor

260 918 365 963 sarcitum
382 915 510 977 oporatur
520 915 651 975 quantum
666 904 765 968 credit,
780 912 864 965 amat,
877 912 977 971 sperat.
988 901 1055 967 Quia

260 1000 355 1068 itaque
365 998 390 1052 in
404 1004 496 1052 sancta
509 995 627 1049 Ecclesia
639 994 729 1063 populi
742 993 817 1047 multi
831 1001 903 1055 sunt,
914 1000 941 1045 ct
954 991 1056 1046 robusti

260 1106 311 1159 per
321 1090 412 1154 ludent,
423 1098 451 1143 et
463 1087 629 1158 longanimes
640 1101 687 1155 per
699 1100 785 1154 spem,
802 1094 829 1139 ct
839 1083 918 1152 ampli
931 1097 980 1151 pcr
989 1082 1055 1137 elra-

260 1180 381 1241 ritatrm,
397 1186 424 1232 et
439 1177 564 1231 cllicaces
580 1191 628 1243 per
640 1175 834 1244 operationem,
849 1166 947 1226 atrium
964 1171 1055 1241 templi

262 1270 314 1324 too
339 1268 479 1322 cubitisin
501 1267 606 1337 quadro
629 1274 812 1320 mensuratur.
839 1265 906 1318 Nam
928 1273 957 1318 ut
984 1263 1056 1318 aliud

260 1376 369 1431 quoquc
382 1360 416 1413 de
435 1374 529 1412 corum
549 1356 694 1411 virtutibus
715 1356 868 1424 loquamur,
883 1369 953 1423 saepe
968 1368 1001 1407 ex
1016 1353 1057 1408 eis

261 1451 392 1520 quostiam
405 1449 552 1519 prudentes
565 1463 614 1516 per
635 1446 850 1517 intelligentiam,
868 1444 952 1500 lortes
964 1445 989 1498 iu
1007 1445 1056 1498 ad-

260 1540 448 1603 versitatibus,
462 1534 550 1606 justos
563 1536 590 1590 iu
607 1536 772 1606 operatione,
789 1542 995 1603 temperantesa
1009 1547 1057 1586 ro-

261 1631 410 1699 luptatiltus
423 1638 504 1697 atque
525 1627 551 1681 in
576 1626 650 1680 omui
677 1624 735 1680 zelo
749 1623 920 1679 discretionis
938 1640 969 1676 se
982 1637 1057 1676 uteu-

262 1735 325 1773 sum
338 1718 521 1782 moderantes,
530 1716 575 1786 qui
587 1715 650 1769 dum
662 1714 843 1784 prudentiam,
859 1713 1056 1778 tortitudinem,

258 1806 405 1875 iristitiam,
426 1816 506 1877 atque
534 1805 737 1875 temperantiam
754 1822 761 1859 :
776 1804 818 1859 rel
840 1805 909 1859 sicut
929 1818 975 1857 eas
993 1816 1058 1856 cnu-

1107 900 1283 952 consumitur.
1297 899 1388 952 ditare
1401 909 1535 969 ergoante
1551 900 1645 955 taciem
1662 901 1753 970 templi
1767 910 1821 965 est,
1836 916 1901 957 cum

1106 989 1183 1042 multi
1211 990 1237 1043 iu
1263 999 1364 1044 sanctae
1388 990 1516 1045 Ecclesiae
1540 1000 1685 1059 conspeetu
1719 999 1781 1044 stunt
1805 990 1896 1060 positi,

1106 1080 1151 1147 qui
1166 1082 1259 1134 aterni
1268 1079 1362 1147 jtnlicii
1376 1097 1524 1146 memores,
1540 1083 1699 1151 semetipsos
1711 1083 1830 1151 quotidie
1844 1082 1904 1139 [leo

1106 1172 1268 1226 sacrificium
1284 1173 1310 1225 iu
1330 1172 1447 1226 lamenta
1467 1173 1683 1241 compunctionis
1701 1181 1828 1227 mactant.
1847 1172 1901 1239 Qui

1106 1270 1135 1313 ut
1158 1261 1315 1338 pguadietum
1338 1269 1380 1315 est
1399 1277 1513 1330 corpora
1538 1262 1682 1331 castigant,
1698 1262 1827 1332 quatinus
1846 1263 1901 1316 boc

1106 1350 1178 1418 qnod
1190 1366 1239 1418 per
1254 1350 1412 1417 magistrum
1428 1353 1547 1421 gentium
1566 1353 1675 1415 dieitur,
1687 1352 1834 1423 impleant:
1849 1371 1858 1402 ι
1870 1361 1901 1406 ut

1106 1440 1257 1494 exhibeatis
1264 1456 1377 1510 corpora
1386 1452 1475 1496 restra
1485 1442 1602 1496 hostiam
1613 1443 1757 1525 rigentem,
1765 1454 1898 1505 sanctam,

1107 1531 1163 1586 Deo
1173 1530 1348 1600 placentem.»
1361 1530 1453 1585 llostin
1465 1532 1603 1600 quippeoc
1621 1532 1701 1585 iditur
1715 1540 1744 1586 ut
1756 1532 1898 1592 offeratur,

1107 1623 1154 1676 scd
1177 1622 1264 1675 bostia
1281 1622 1374 1675 uirens
1394 1630 1436 1675 est
1453 1636 1551 1690 corpus
1571 1637 1619 1690 ριο
1635 1621 1899 1686 Dominoalllicturn,

1106 1713 1177 1781 quod
1190 1721 1217 1766 et
1237 1712 1325 1767 bostia
1340 1713 1446 1775 dicitur,
1464 1719 1491 1767 et
1502 1714 1605 1777 uirens,
1619 1714 1681 1782 qnia
1695 1714 1763 1766 ririt
1774 1714 1799 1766 in
1816 1713 1901 1766 virtri-

1108 1805 1190 1868 tibus,
1202 1812 1230 1860 et
1245 1813 1287 1859 est
1301 1820 1317 1859 a
1332 1805 1405 1859 uitiis
1423 1805 1554 1860 occisum.
1582 1804 1675 1859 llostia
1691 1805 1822 1864 uidelicet,
1837 1805 1900 1872 quia

262 1914 369 1952 merare
393 1896 553 1966 quibusdam
584 1896 679 1965 placet,
701 1895 882 1964 pmdentiam,
908 1902 1058 1962 temperari·
1105 1895 1630 1965 jambuicmundoestaprauisactibus
1643 1905 1788 1951 mortimm.
1802 1894 1903 1951 Vivens

263 1991 339 2054 tiam,
357 1987 539 2042 fortitudinem
557 1986 775 2057 atqnejustitiam
788 1993 890 2051 tenent,
904 1999 1057 2039 mensuram
1108 1986 1277 2055 antem,quia
1292 1995 1388 2041 cuncta
1400 1999 1460 2055 quc
1475 1986 1600 2057 praralct
1613 1986 1682 2040 bona
1693 1994 1830 2055 operatur.
1847 1983 1902 2039 Sed

264 2077 393 2146 spiritalis
409 2076 471 2131 atrii
487 2076 514 2130 in
529 2075 633 2145 quadro
644 2075 752 2130 babent.
765 2075 836 2131 Ecce
854 2076 927 2130 euim
941 2076 1059 2129 virtutes
1108 2077 1172 2146 quin
1194 2075 1244 2130 sub
1267 2075 1360 2130 altaris
1378 2077 1487 2131 nomine
1508 2076 1541 2129 dc
1555 2076 1770 2145 conpunctionis
1792 2074 1901 2129 ssainrma

265 2173 341 2238 ipsc,
356 2185 424 2239 quas
439 2169 537 2223 babere
550 2168 636 2222 bonos
652 2182 685 2222 ac
704 2166 797 2222 lideles
821 2167 949 2230 diximus,
965 2166 1001 2220 ita
1028 2167 1055 2220 io
1073 2148 1093 2207 Β
1108 2182 1197 2221 senno
1223 2182 1254 2221 se
1274 2165 1374 2230 intulit,
1392 2168 1575 2222 necessarium
1589 2177 1663 2237 put-o,
1680 2183 1739 2237 qnae
1758 2168 1794 2222 sit
1813 2168 1901 2222 direr-

263 2263 368 2330 qnarlro
390 2270 463 2321 sunt,
481 2266 511 2312 ut
524 2273 576 2312 una
588 2258 670 2311 aliam
691 2272 743 2311 non
758 2258 880 2312 excedat.
905 2256 998 2327 llagua
1014 2263 1057 2309 est

263 2354 362 2422 qnippe
384 2348 540 2421 pmdcutia,
563 2348 610 2403 sed
634 2347 657 2402 si
681 2349 853 2401 minusosta
874 2346 1056 2415 uoluptatibus

263 2451 426 2510 temperans,
442 2438 531 2492 minus
543 2436 569 2491 in
583 2436 711 2506 periculis
724 2435 812 2498 sortis,
834 2436 925 2489 uriuus
943 2437 969 2488 in
995 2449 1058 2504 opc-

263 2528 412 2583 rntionibus
424 2525 506 2595 justa,
524 2524 644 2595 prolecto
655 2525 744 2579 minus
758 2534 801 2579 est
816 2525 945 2594 prudens.
961 2523 1056 2593 lingna

262 2627 306 2672 est
317 2617 502 2688 temperantia,
517 2616 598 2671 sedai
615 2615 704 2670 urinas
724 2614 848 2685 intelligit
860 2614 931 2668 uude
941 2630 970 2668 se
991 2622 1057 2668 ιιιιι-

263 2717 349 2778 ριιιι,
370 2707 393 2762 si
412 2706 524 2761 adversa
540 2706 674 2760 sustinere
692 2718 742 2773 per
761 2703 945 2758 fortitudinem
969 2704 1058 2759 minus

264 2798 336 2852 ialct
349 2806 431 2866 atque
442 2796 467 2849 in
481 2795 579 2849 timore
591 2794 711 2848 animum
723 2794 824 2865 dejicit,
840 2794 922 2863 siper
935 2794 1058 2863 praecipi·

265 2888 397 2943 tationem
424 2900 501 2941 suam
532 2884 676 2954 aliquando
697 2884 724 2938 iu
749 2881 861 2953 justitiae
886 2897 968 2952 opera
995 2897 1059 2952 pro-

265 2978 376 3048 rumpit,
394 2977 483 3031 minus
497 2983 539 3031 est
558 2984 720 3045 temperans.
749 2975 846 3046 llagna
859 2983 902 3029 est
915 2973 1055 3039 tortitudo,

265 3066 351 3122 sedai
364 3065 602 3135 minusintelligit,
620 3080 680 3134 quae
705 3065 776 3120 bona
797 3064 942 3129 custodiat,
959 3064 1059 3133 quibus

265 3154 346 3210 malis
358 3155 476 3219 resistat,
492 3154 514 3208 si
529 3155 619 3209 minus
633 3168 648 3207 a
660 3153 805 3224 voluptatis
815 3154 935 3222 appetitu
949 3168 978 3208 sc
992 3162 1059 3207 tem-

266 3254 355 3314 perat,
369 3244 416 3299 scd
430 3244 545 3298 uincitur
560 3242 748 3307 delectatione,
764 3242 786 3296 si
794 3241 906 3310 justitiae
915 3255 996 3311 opera
1010 3240 1059 3295 rui·

267 3352 320 3391 rius
333 3342 417 3400 tenet,
434 3344 513 3404 atque
526 3333 670 3405 aliquando
684 3335 711 3389 in
725 3332 862 3402 injustitiae
877 3333 1062 3388 dominatione

266 3439 420 3499 superatur,
440 3430 529 3484 urinas
544 3436 586 3484 cst
599 3427 686 3483 tortis.
706 3427 801 3499 ldagna
817 3436 859 3482 est
868 3425 993 3495 justitla3
1012 3426 1060 3481 sed

267 3519 290 3573 si
306 3519 396 3574 minus
408 3533 490 3589 quam
502 3517 582 3573 debet
592 3518 662 3572 inter
669 3515 744 3585 justa
759 3525 786 3572 et
799 3518 899 3587 injusta
911 3531 994 3586 opera
1006 3516 1060 3571 dis-
1074 3491 1095 3552 C

266 3611 365 3676 ceruit,
377 3609 400 3665 si
415 3610 505 3664 miuus
516 3624 610 3664 curam
620 3609 710 3663 mundi
725 3606 905 3662 delectatione
916 3614 1059 3674 temperat,

267 3706 290 3759 si
303 3705 391 3759 miuus
404 3719 434 3759 se
446 3712 537 3759 contra
549 3704 661 3759 aduersa
671 3702 817 3767 confortat,
825 3703 915 3757 miuus
927 3712 967 3757 est
975 3700 1059 3769 justa.

267 3793 440 3848 lleusuretur
455 3807 520 3861 ergo
533 3791 715 3861 perlectorum
731 3791 850 3846 fidelium
861 3792 916 3845 rita
932 3806 981 3861 ριι
993 3807 1062 3862 qua·

268 3885 359 3947 drum,
385 3890 412 3937 et
436 3889 540 3936 tantum
555 3882 654 3936 babeat
666 3880 795 3951 spiritalis
807 3880 869 3934 atrii
886 3879 957 3935 latus
967 3894 1060 3944 unum,

268 3980 399 4043 quantum
424 3969 639 4040 laterasingula.
663 3969 731 4035 Quia
749 3970 933 4037 uuusquisque
956 3977 1061 4022 tautum

266 4061 388 4132 pmdens
406 4068 463 4124 est,
483 4068 613 4129 quantum
631 4067 796 4128 temperans,
817 4057 895 4113 lortis
909 4066 935 4113 et
954 4056 1060 4126 justus3

268 4159 374 4206 tantum
390 4160 558 4221 temperans,
570 4158 700 4220 quantum
718 4150 849 4219 prudeus,
877 4147 954 4214 lortis
972 4156 999 4202 et
1018 4147 1063 4216 js-

268 4254 346 4310 stus;
369 4252 472 4300 tantum
490 4244 569 4299 lortis
583 4254 712 4314 quantum
726 4244 844 4314 pmdens
859 4252 886 4297 et
910 4250 1062 4312 temperans

268 4335 414 4405 etjustus;
433 4342 538 4389 mutum
554 4332 643 4401 justus
657 4342 789 4404 quautam
808 4332 942 4403 prudeus,
960 4341 1064 4401 tempe·

268 4444 336 4483 rans
352 4436 381 4483 et
396 4426 474 4482 lortis
489 4426 580 4482 luerit.
596 4427 666 4482 Sunt
679 4435 769 4481 umen
788 4425 859 4478 inter
881 4439 928 4479 eos
941 4422 1063 4491 plurimi,

269 4519 318 4591 qui
331 4519 419 4573 adbuc
431 4518 577 4573 carnaliter
588 4516 748 4584 rirnnr,qui
759 4516 819 4569 etsi
835 4513 951 4568 fortasse
961 4512 1064 4567 litteras

270 4618 408 4689 ignorant,
421 4626 450 4672 et
460 4623 595 4687 praecepta
608 4614 656 4670 [ιιι
670 4613 759 4683 legere
771 4626 825 4666 non
837 4610 936 4675 valent,
949 4618 1024 4665 corte
1037 4618 1065 4663 et

269 4708 299 4763 iu
314 4708 460 4762 multorum
473 4706 591 4762 fidelium
606 4703 811 4761 conuersatione
826 4703 912 4766 bona,
929 4715 989 4769 quaa
1005 4700 1065 4754 imi·

1107 2257 1174 2310 sitas
1192 2255 1311 2324 ejusdem
1324 2257 1537 2325 compunctionis
1547 2260 1699 2312 ostermere.
1728 2258 1786 2311 Alia
1802 2259 1904 2328 quiippe

1107 2348 1280 2416 compunctio
1291 2355 1342 2410 est,
1356 2364 1415 2416 quar
1426 2363 1474 2417 ριι
1489 2350 1612 2404 timorem
1629 2352 1759 2414 nascitur,
1774 2351 1825 2404 aliu
1841 2366 1903 2419 quae

1107 2452 1157 2507 per
1171 2454 1300 2493 amorem.
1323 2437 1392 2505 Quia
1409 2440 1481 2493 aliud
1495 2449 1537 2494 cst
1551 2441 1680 2511 supplicia
1703 2440 1805 2511 lugere,
1829 2442 1902 2495 alind

1108 2529 1217 2597 pucuria
1233 2528 1398 2582 desiderare.
1427 2529 1503 2584 llnde
1528 2540 1556 2584 ιι
1572 2531 1597 2584 iu
1616 2531 1789 2584 tabernaculo
1802 2545 1850 2599 per
1864 2530 1902 2585 le-

1108 2633 1169 2687 gem
1183 2619 1235 2672 duo
1247 2618 1343 2671 altaria
1355 2617 1412 2672 lieri
1427 2618 1568 2686 jubentur,
1581 2636 1664 2673 unum
1685 2620 1810 2674 videlieet
1824 2630 1901 2674 exte-

1108 2712 1176 2774 rius,
1197 2710 1268 2764 aliud
1283 2726 1347 2765 rcro
1368 2711 1490 2766 interius.
1514 2712 1600 2767 Utrum
1615 2714 1641 2765 in
1655 2713 1735 2775 atrio,
1747 2712 1817 2765 aliud
1840 2720 1905 2765 ante

1108 2815 1210 2863 arcam,
1226 2816 1309 2854 unum
1324 2801 1396 2869 quod
1417 2810 1636 2871 mr·ecoopertcrrn
1661 2811 1712 2865 est,
1741 2802 1812 2855 aliud
1831 2803 1905 2870 quod

1108 2905 1175 2944 auro
1200 2891 1323 2954 vestitur,
1339 2901 1421 2960 atque
1448 2892 1474 2944 in
1497 2891 1576 2946 altari
1595 2906 1667 2946 cereri
1681 2902 1904 2955 concremantur,

1108 2997 1217 3045 carues,
1234 2991 1260 3035 tn
1285 2982 1364 3037 altari
1390 2997 1455 3036 tero
1477 2997 1560 3035 aureo
1580 2982 1760 3037 incenduntur
1770 2990 1903 3036 aromata.

1109 3072 1178 3140 Quid
1202 3082 1243 3126 cst
1256 3074 1317 3137 hoo,
1333 3072 1431 3127 iratres
1445 3072 1608 3136 charissimi,
1620 3072 1692 3142 quod
1714 3071 1781 3127 loris
1792 3085 1905 3126 cancre·

1110 3173 1219 3216 matutae
1230 3163 1415 3225 carues,intus
1428 3162 1620 3227 aromata,nisi
1633 3163 1685 3216 ltoc
1697 3162 1768 3230 quod
1783 3161 1907 3232 quotidie

1109 3254 1242 3317 ridemus,
1257 3255 1320 3323 quia
1333 3254 1386 3308 duo
1397 3262 1460 3307 suut
1471 3252 1687 3323 couipunctionis
1698 3267 1808 3323 genera,
1822 3262 1907 3322 atque

1111 3347 1156 3401 alii
1168 3347 1256 3402 adbuc
1274 3347 1453 3415 pertimerem
1467 3347 1605 3418 plangunt,
1618 3346 1662 3400 alii
1674 3361 1737 3401 vero
1746 3345 1801 3415 jani
1817 3361 1846 3401 se
1856 3360 1908 3416 pct·

1112 3451 1232 3491 amorem
1253 3437 1279 3490 in
1296 3436 1422 3490 lamentis
1433 3437 1569 3490 alliciunt?
1583 3436 1660 3490 ldulti
1680 3452 1796 3506 namque
1809 3451 1906 3506 pecca-

1113 3537 1200 3581 torum
1215 3542 1325 3581 suorum
1345 3542 1487 3589 memores,
1503 3527 1566 3580 dum
1584 3528 1714 3597 supplicia
1728 3538 1829 3582 aeterua
1840 3542 1904 3598 pcr-

1112 3616 1269 3676 timcscnnt,
1286 3615 1451 3683 quotidianis
1466 3631 1495 3670 se
1518 3616 1645 3686 lacrymis
1666 3616 1808 3687 affligunt:
1826 3619 1904 3687 plan·

1111 3714 1177 3776 gunt
1197 3704 1265 3759 mala
1290 3719 1350 3773 qua
1376 3705 1509 3769 lecerunt,
1538 3713 1565 3759 et
1586 3706 1734 3760 incendunt
1760 3708 1824 3761 vitia
1842 3710 1906 3775 igue

1110 3796 1334 3866 compunctionis,
1350 3809 1463 3866 quorum
1479 3797 1566 3850 adhue
1582 3797 1768 3866 suggestiones
1783 3798 1808 3851 in
1822 3798 1906 3853 corde

1110 3889 1270 3957 patiuntur:
1283 3887 1347 3957 quid
1363 3887 1418 3950 isti.
1432 3887 1483 3941 uisi
1494 3886 1580 3941 altare
1591 3895 1654 3941 suut
1669 3901 1787 3946 ιιιιιιιιι,
1811 3889 1836 3941 in
1852 3904 1907 3957 qno

1111 3995 1208 4034 carnes
1236 3979 1340 4042 ardent,
1372 3979 1435 4048 quia
1457 3978 1545 4032 adbuc
1568 3977 1661 4032 abeis
1680 3976 1800 4031 carnalia
1823 3992 1906 4046 opera

1111 4071 1296 4142 planguntur?
1309 4069 1361 4123 utu
1381 4084 1446 4123 uero
1464 4085 1479 4122 a
1501 4068 1655 4123 ramalibus
1667 4068 1740 4121 uitiis
1755 4067 1844 4132 liberi,
1857 4075 1905 4121 aut

1112 4163 1200 4231 longis
1209 4161 1264 4230 jam
1279 4159 1386 4214 fletibus
1396 4159 1494 4222 securi,
1504 4160 1604 4213 auroris
1618 4159 1725 4213 ιιιιιιιιιι
1737 4159 1765 4212 iu
1776 4174 1907 4227 compun-

1113 4252 1211 4307 ctionis
1232 4251 1357 4321 lacryrms
1381 4250 1564 4314 inardescunt,
1585 4249 1704 4304 coelestis
1721 4249 1815 4318 patria.
1836 4265 1907 4318 prro-

1113 4343 1167 4398 mia
1182 4342 1273 4397 cordis
1294 4341 1380 4397 oculis
1392 4350 1546 4411 proponunt
1560 4357 1567 4392 ε
1582 4340 1706 4410 supernis
1720 4340 1777 4409 jam
1802 4340 1909 4395 cirillus

1114 4433 1245 4488 interesse
1260 4433 1464 4501 concupiscunt.
1490 4432 1562 4486 Dura
1579 4431 1619 4485 eis
1645 4438 1758 4501 apparet
1779 4430 1906 4494 seruitus,

1113 4523 1488 4595 longitudoperegrinationis
1502 4536 1568 4586 suae,
1594 4535 1684 4590 regem
1706 4520 1732 4574 in
1747 4521 1844 4575 decore
1859 4535 1910 4575 siro

1115 4618 1206 4671 ridere
1218 4615 1384 4680 desiderant,
1393 4623 1421 4670 et
1430 4613 1495 4669 llere
1506 4613 1626 4682 quotidie
1638 4627 1671 4665 cx
1685 4608 1744 4676 ejus
1755 4625 1908 4665 amor-enon

1115 4718 1232 4767 cessant.
1245 4708 1315 4776 Quid
1330 4709 1385 4771 isti,
1402 4707 1454 4761 nisi
1475 4706 1562 4759 altare
1581 4712 1643 4758 sum
1656 4714 1767 4756 aureum
1788 4702 1815 4754 in
1838 4714 1908 4769 quo-

270 4795 475 4857 tenturrident,
499 4794 569 4849 Ecce
581 4793 608 4847 iu
631 4792 749 4847 Ecclesia
763 4806 842 4845 voees
865 4791 951 4845 sancti
979 4790 1177 4884 Euan-Dmm
1211 4803 1293 4859 corpe
1317 4808 1436 4856 ammata
1466 4799 1575 4852 incensa
1607 4803 1680 4859 sune,
1702 4795 1765 4864 quia
1794 4795 1910 4849 virium

270 4885 335 4957 gelii
348 4893 429 4953 atque
451 4883 633 4954 apostolorum
648 4888 755 4936 sonant.
772 4879 844 4935 Ecce
860 4877 981 4948 exempla
996 4878 1065 4932 benc

270 4974 420 5030 virentium
435 4971 554 5041 quotidie
566 4971 705 5025 bominum
718 4968 803 5024 oculis
817 4976 999 5038 opponuntur,
1016 4981 1065 5021 nec

270 5066 300 5119 in
314 5061 489 5117 excusatione
509 5060 662 5116 condicere
688 5066 816 5128 ροιιιιιιιι
833 5076 839 5110 :
859 5057 917 5111 Non
937 5057 1062 5121 vidimus,

272 5154 348 5227 quod
363 5152 463 5207 imitari
474 5151 643 5206 deberemus.
655 5148 730 5205 Unde
743 5155 770 5202 et
783 5145 921 5202 subditur:
971 5203 978 5220 .

314 5286 324 5319 ι
340 5266 375 5322 Et
389 5264 475 5320 altare
497 5271 560 5318 ante
587 5260 684 5317 laciem
698 5259 799 5330 templi.
817 5276 827 5311 ι
844 5256 913 5324 Qirid
934 5265 975 5311 cst
998 5265 1065 5310 tcm-

273 5362 350 5434 plum
376 5358 429 5413 uisi
454 5355 541 5411 fidelis
554 5353 691 5424 populus?
712 5352 784 5407 sicut
802 5364 851 5419 per
870 5348 982 5402 Paulum
998 5362 1064 5417 apo-

275 5451 380 5508 stolum
397 5446 536 5517 discipulis
549 5445 664 5500 dicitur:
678 5462 688 5494 ι
707 5442 847 5513 Templum
859 5441 930 5496 euim
942 5440 989 5495 lici
1004 5454 1066 5494 sau·

273 5552 350 5597 ctum
361 5538 494 5608 est,quod
507 5537 573 5592 estis
584 5550 631 5590 ros
642 5534 667 5605 (l
682 5532 804 5606 Conni).
822 5553 831 5585 ι
849 5532 882 5586 Ει
893 5532 958 5601 quid
971 5538 1014 5586 est
1027 5529 1066 5583 al·

274 5642 337 5688 tare
350 5632 397 5687 Ilei
410 5631 461 5686 nisi
473 5645 548 5684 mens
563 5629 632 5684 bene
643 5626 808 5681 virentium?
826 5626 872 5696 qui
896 5626 946 5678 rite
971 5638 1067 5693 pccca-

276 5735 368 5781 torum
393 5736 503 5777 suorum
531 5734 665 5774 memores
681 5717 809 5788 lacrymis
831 5714 950 5770 maculas
968 5715 1068 5775 lauant.

275 5828 388 5871 carnem
406 5827 454 5883 per
475 5811 666 5865 abstinentiam
690 5815 839 5872 macerant,
850 5805 931 5861 nullis
948 5820 977 5860 se
992 5814 1070 5873 birrus

276 5902 372 5960 muudi
399 5902 551 5957 actionibus
572 5901 698 5966 miscent,
725 5914 785 5969 quaa
799 5899 908 5961 habent,
928 5897 1070 5966 indigenti·

276 5995 329 6050 bus
344 5992 476 6056 tribuunt,
490 6002 516 6047 et
529 5992 628 6047 babere
642 6006 702 6062 quae
714 6005 767 6044 nou
788 5989 888 6044 liabent
903 6003 955 6042 uon
970 6000 1070 6041 concn-

276 6088 397 6156 piscnnt.
431 6083 513 6138 liecte
538 6083 620 6153 igitur
635 6083 730 6136 borum
746 6096 794 6135 cor
814 6078 898 6133 altare
912 6077 960 6132 Dei
971 6077 1070 6131 dicitur

1116 4895 1210 4949 ardent
1222 4892 1235 4946 l
1247 4892 1319 4946 Bene
1333 4898 1423 4943 autem
1443 4888 1477 4941 de
1495 4885 1590 4940 eodem
1604 4883 1682 4937 altari
1704 4884 1815 4946 dicitur,
1836 4884 1909 4952 quod

1117 4994 1181 5038 aute
1195 4983 1283 5038 velum
1297 4995 1367 5035 arere
1385 4980 1421 5034 sit
1442 4977 1559 5047 positum
1584 4976 1611 5030 iu
1622 4982 1716 5030 sancta
1740 4985 1909 5030 sanctorum.

1116 5078 1186 5131 Arca
1197 5076 1296 5145 quiippe
1315 5071 1469 5127 testamenti
1481 5069 1537 5138 ipse
1549 5068 1626 5123 nobis
1638 5066 1725 5122 iactus
1738 5077 1790 5123 est.
1804 5068 1841 5121 lle
1854 5082 1910 5137 quo

1116 5167 1247 5233 scriptum
1259 5164 1393 5224 norimus,
1410 5179 1419 5210 ι
1433 5161 1460 5215 in
1475 5175 1529 5229 quo
1542 5165 1605 5213 suut
1618 5172 1713 5211 omncs
1735 5158 1855 5212 thesauri
1866 5169 1910 5212 sa·

1116 5257 1224 5326 pientiae
1238 5264 1266 5309 et
1278 5253 1397 5308 scientiae
1408 5251 1584 5306 absconditi.»
1602 5251 1671 5304 drea
1684 5249 1754 5302 intra
1772 5248 1858 5302 selum
1867 5256 1910 5301 est

1118 5348 1274 5415 redemptor
1287 5356 1379 5398 noster
1400 5343 1426 5396 in
1443 5341 1521 5396 coelo.
1547 5341 1641 5395 ditare
1655 5354 1718 5394 vero
1745 5352 1855 5393 anteum
1881 5353 1910 5392 tu

1118 5452 1173 5508 quo
1196 5436 1343 5508 tbymiama
1364 5433 1515 5488 incenditur
1536 5442 1599 5487 aute
1623 5431 1725 5494 uelum,
1754 5439 1909 5483 sauctorum

1118 5530 1212 5594 corda,
1239 5543 1299 5597 quae
1324 5541 1386 5581 cum
1412 5525 1517 5594 magnis
1535 5523 1680 5577 uirtutibus
1702 5520 1729 5573 in
1752 5518 1798 5571 llci
1817 5531 1911 5569 aurore

1119 5635 1248 5675 succensa
1259 5628 1330 5681 sunt,
1341 5625 1516 5687 persanctum
1530 5613 1691 5669 desiderium
1703 5611 1729 5663 in
1744 5607 1788 5663 illo
1802 5608 1911 5673 ardent,

1120 5726 1200 5781 quem
1210 5711 1299 5765 adbuc
1313 5708 1430 5763 revelata
1443 5705 1511 5760 lucie
1524 5705 1614 5759 ridere
1635 5716 1687 5755 non
1698 5706 1820 5769 possunt.
1838 5698 1911 5751 luter

1120 5815 1211 5856 arcam
1232 5799 1331 5869 quippe
1354 5806 1382 5852 et
1395 5796 1482 5849 altare
1504 5794 1592 5847 relum
1611 5798 1662 5854 est,
1684 5788 1816 5857 quiahoc
1838 5787 1911 5856 qnod

1119 5908 1170 5946 nos
1186 5892 1274 5945 adbuc
1286 5905 1302 5943 a
1316 5888 1418 5943 risione
1433 5887 1479 5942 liei
1491 5892 1608 5954 separat,
1621 5878 1801 5948 corruptionis
1811 5885 1911 5932 nostrie

1119 5981 1289 6037 obstaculum
1313 5988 1446 6033 remotum
1472 5991 1525 6030 uort
1551 5984 1602 6037 cst,
1628 5972 1675 6027 sed
1691 5985 1830 6040 quousque
1849 5976 1913 6024 ante

1118 6074 1207 6128 uelum
1236 6087 1347 6138 sumus,
1372 6078 1478 6140 oportet
1505 6076 1534 6122 ut
1565 6066 1642 6136 quasi
1666 6066 1849 6136 thymiamatis
1868 6064 1913 6121 in·
