4500 6842
329 671 399 728 tons
791 665 966 724 sonatum.
988 660 1268 720 innascuntur.
1289 695 1324 705 .-
1340 620 1404 720 mn
1430 666 1488 729 ιι.
1889 668 1958 724 ron

326 782 385 837 licit
408 782 489 836 Deus.
507 780 607 837 ilerum
627 777 754 848 quoniam
773 780 943 851 accipiebant
956 775 1118 838 Leritaedc-
1133 776 1198 836 Λιι
1218 785 1315 846 quanta
1339 777 1489 833 differentia
1514 778 1541 832 in
1563 778 1713 849 Scripturis
1736 788 1763 834 et
1787 795 1877 836 rerum
1899 796 1963 839 eon·
1996 788 1999 795 '

326 872 412 926 duras
435 867 614 939 etprimitias
637 867 671 922 de
690 866 823 924 fructibus
845 883 860 920 a
884 866 946 921 liliis
966 863 1050 920 lsrael
1071 878 1121 936 per
1172 869 1313 937 sequentia
1337 870 1508 934 describitur,
1535 871 1671 940 quomodo
1696 870 1767 934 nibil
1787 871 1846 926 sine
1869 872 1960 928 mode·

326 967 490 1032 preceptum
513 958 579 1023 Dei,
601 958 744 1028 oportebat
764 973 811 1013 eos
830 958 912 1012 etiam
934 957 967 1012 de
989 965 1074 1020 terra,
1090 962 1120 1009 ut
1172 955 1277 1010 ratione
1300 964 1327 1011 et
1348 958 1444 1013 ordine
1466 959 1582 1029 geritur.
1606 959 1715 1014 Intuere
1737 958 1908 1032 diligentius,
1933 950 1962 1018 et

326 1052 369 1112 ita¹
392 1050 504 1113 dicam,
529 1060 558 1103 ct
582 1049 615 1103 de
641 1048 804 1104 habitaculis
830 1048 951 1103 decimas
975 1046 1118 1117 accipere,
1172 1044 1200 1100 in
1220 1048 1293 1101 ouini
1314 1049 1449 1119 scriptura
1474 1052 1532 1105 baec
1554 1051 1591 1104 ita
1614 1050 1735 1106 invenies
1754 1051 1890 1107 ordinata.
1906 1047 1963 1110 Sed

325 1139 378 1194 boc
400 1147 442 1195 est
464 1139 552 1203 enim,
575 1139 608 1208 ab
630 1139 754 1195 omnibus
775 1139 894 1195 decimas
916 1137 1062 1210 accepisse.
1086 1137 1120 1214 Et
1171 1138 1232 1207 quis
1254 1145 1342 1207 potest
1363 1138 1510 1194 ascendere
1532 1140 1590 1195 lraec
1620 1140 1711 1195 omnia
1734 1149 1763 1195 ιι
1783 1129 1963 1213 eomprehen-

326 1228 388 1284 ideo
412 1227 575 1283 accedentes
598 1227 719 1298 primarii
744 1228 815 1294 riri,
837 1228 883 1298 qui
904 1235 984 1282 erant
1005 1227 1038 1285 de
1057 1226 1120 1283 filiis
1171 1229 1258 1285 deret
1273 1228 1340 1296 Quis
1363 1229 1499 1286 invenisse
1520 1238 1610 1301 potest
1630 1231 1743 1296 saltem,
1766 1240 1794 1287 ιι
1815 1234 1962 1290 observare

327 1317 392 1374 Leni
417 1316 451 1371 ad
476 1316 633 1370 Eleazarum
659 1316 844 1383 sacerdotem,
866 1318 951 1386 etad
972 1316 1064 1374 lesum
1087 1319 1120 1372 li·
1170 1321 1292 1376 ordinem
1317 1323 1509 1395 mysteriorum
1532 1322 1622 1387 ualet,
1648 1337 1709 1377 cum
1742 1323 1890 1379 secundum
1914 1312 1962 1379 lit·

325 1408 392 1463 lium
406 1405 497 1471 Nave,
512 1415 540 1461 et
554 1409 588 1461 ad
599 1406 734 1478 principes
749 1408 866 1482 tribuum
892 1406 1008 1464 saliorum
1035 1407 1117 1464 lsrael
1172 1420 1258 1467 teram
1281 1412 1367 1468 solam
1391 1410 1499 1468 difficile
1526 1419 1617 1468 textus
1641 1414 1808 1469 narrationis
1830 1413 1960 1484 explicari

327 1498 355 1552 iu
383 1496 473 1552 Selom
500 1497 528 1551 in
555 1505 626 1552 terra
651 1495 779 1552 Cbanaan
805 1497 931 1553 oluerunt
955 1516 961 1551 :
989 1497 1119 1553 Dominus
1169 1509 1276 1571 potest,
1290 1509 1317 1557 ιι
1337 1501 1482 1571 permixtio
1501 1501 1543 1555 rel
1563 1502 1682 1556 locorum
1703 1501 1745 1555 rel
1764 1517 1960 1576 personarum,

326 1588 457 1660 precepit
481 1588 508 1643 iu
534 1589 616 1642 manti
640 1585 725 1658 lloysi
749 1588 807 1643 dari
832 1588 910 1643 nobis
936 1588 1060 1644 civitates
1084 1589 1119 1643 ad
1169 1606 1230 1663 quse
1248 1593 1275 1649 in
1296 1594 1409 1649 bistoria
1428 1592 1728 1649 eontinentur'emlrit
1748 1593 1819 1660 Quid
1842 1592 1961 1670 diclmrls

327 1678 523 1745 habitandum,
545 1688 573 1734 et
595 1678 748 1734 suburbana
772 1695 865 1735 earum
890 1680 1052 1752 animalibus
1070 1696 1119 1737 no·
1170 1684 1203 1739 de
1215 1676 1267 1741 'his
1285 1685 1482 1750 sacramentis,
1501 1700 1561 1754 quae
1578 1700 1627 1755 per
1644 1685 1697 1739 boc
1714 1684 1871 1741 scribuntur
1887 1689 1919 1740 'et
1932 1684 1960 1741 in

325 1770 407 1837 stris,
427 1770 498 1825 sicut
516 1770 544 1824 in
563 1769 633 1825 libro
654 1769 719 1826 lesu
738 1768 812 1824 Nare
832 1770 963 1841 scriptum
985 1770 1118 1841 reperitur
1169 1776 1268 1844 quibus
1282 1775 1489 1831 distributiones
1503 1774 1601 1830 lutuno
1619 1775 1959 1831 bandimtisadumbran-
2031 1827 2033 1832 .

326 1861 439 1934 (dorne.
455 1879 501 1917 ιιι
515 1862 535 1935 ι.
555 1860 706 1933 Oportebat
721 1878 786 1933 ergo
804 1862 886 1918 etiam
905 1863 938 1918 dc
955 1845 1119 1918 suburbanis
1170 1866 1235 1919 tur?
1257 1873 1284 1920 et
1305 1881 1355 1935 per
1376 1881 1456 1936 quem
1478 1874 1580 1921 sanctas
1602 1874 1698 1930 terrac,
1721 1881 1802 1936 quarn
1826 1867 1961 1938 ιιιιιιιιιιί

325 1962 353 2009 ιι
374 1956 407 2010 ιιι
428 1954 586 2011 civitatibus
607 1962 710 2010 sortem
731 1954 813 2009 lieri:
835 1970 867 2018 ne
885 1953 954 2009 sorte
973 1954 1119 2009 indiscrete
1169 1955 1326 2011 hereditate
1349 1956 1514 2026 suscipient,
1539 1956 1636 2011 divisio
1661 1956 1866 2013 celebrabitur?
1891 1957 1959 2024 eris

325 2052 352 2099 et
377 2043 487 2099 fortuito
513 2044 585 2099 iuter
608 2042 717 2099 beritos
742 2041 876 2097 celebrata
894 2042 990 2099 divisio
1011 2042 1117 2100 videre·
1170 2055 1322 2101 castrorum
1343 2046 1422 2101 sedes
1444 2046 1568 2101 diversas
1589 2046 1722 2115 explicet,
1746 2045 1882 2115 quomode
1902 2043 1962 2102 baro

326 2142 380 2188 tur.
401 2132 477 2189 Sicut
494 2149 559 2207 ergo
576 2132 732 2190 distributio
748 2134 845 2200 sortis,
867 2148 927 2205 quse
946 2131 1018 2188 lacta
1034 2141 1076 2188 est
1091 2133 1117 2187 in
1132 2145 1156 2206 Β
1171 2136 1198 2190 iu
1223 2136 1422 2191 resurreetione
1446 2152 1494 2207 per
1518 2136 1642 2208 singulos.
1661 2151 1782 2206 quosque
1803 2139 1960 2212 sanctorum

326 2225 389 2282 ditis
402 2225 501 2291 lsrael,
518 2224 614 2281 babuit
629 2224 848 2295 rationemque
865 2224 925 2294 quis
941 2224 1029 2296 prima
1045 2234 1118 2290 sorte

325 2319 423 2388 dignus
446 2317 603 2384 baberetur,
629 2331 682 2387 qua
705 2326 733 2372 et
756 2316 824 2372 alius
845 2317 981 2385 secunda,
1006 2317 1039 2374 dc
1065 2332 1118 2394 qua

326 2417 356 2462 ιιι
370 2408 506 2478 potuimus
523 2407 581 2476 jam
603 2417 665 2474 ante
686 2409 862 2464 tractavimus
877 2425 885 2474 ;
911 2409 958 2464 sed
978 2417 1006 2463 et
1024 2408 1059 2475 ιιι,
1072 2409 1118 2479 (ιιι

324 2513 374 2568 per
397 2499 506 2570 bloysen
534 2499 605 2554 ultra
632 2496 769 2555 Iordanen
794 2507 822 2554 et
844 2499 879 2555 ab
904 2495 968 2554 lesu
992 2499 1020 2553 iu
1045 2506 1118 2554 terra

328 2590 546 2660 repromissionis
571 2588 724 2659 accipiunt,
749 2588 794 2644 nbi
820 2589 907 2659 prima
938 2604 997 2646 sors
1022 2588 1120 2645 cecidit

325 2676 353 2732 iu
369 2676 528 2746 Beniamin,
543 2687 570 2734 et
589 2680 761 2750 postmodum
783 2681 854 2736 inter
873 2691 985 2738 ceteros
1007 2682 1035 2736 in
1056 2682 1117 2754 qui-

325 2768 377 2823 bus
400 2766 450 2823 luit
472 2769 583 2824 ultimus
607 2769 665 2825 Dan
689 2789 696 2825 :
723 2771 761 2825 ita
785 2787 896 2828 necesse
918 2781 961 2828 est
983 2788 1044 2829 csse
1067 2773 1118 2828 aii-

324 2874 406 2929 qnam
426 2860 558 2915 rationem
578 2848 661 2915 etiam
679 2862 706 2916 in
726 2861 821 2918 ordine
835 2863 1013 2919 sacerdotalis
1026 2872 1054 2918 et
1068 2862 1120 2919 Le-

326 2949 417 3005 viticae
443 2951 544 3016 sortis,
571 2959 601 3005 ut
622 2951 668 3006 alii
694 2952 805 3021 prima,
831 2953 877 3008 alii
907 2953 1047 3019 secunda,
1072 2951 1118 3007 alii

325 3053 390 3093 vero
418 3039 497 3094 tertia
524 3055 583 3096 sors
609 3041 744 3107 ducatur,
765 3057 814 3112 per
840 3057 908 3112 quas
933 3041 978 3097 illa
1004 3041 1046 3098 ιιι
1074 3041 1119 3100 illa

322 3126 385 3184 loca
409 3129 555 3199 unicuique
580 3130 771 3187 Decernunurr.
799 3132 932 3188 Dicuntur
953 3140 1043 3188 autem
1069 3132 1117 3188 suit

1171 2223 1331 2279 sacerdotali
1349 2224 1392 2280 rel
1412 2224 1533 2280 Levitico
1550 2224 1645 2281 ordine
1665 2225 1789 2281 habenda
1812 2226 1848 2281 sit
1870 2223 1962 2283 distri·

1171 2314 1267 2370 butio?
1292 2321 1321 2369 ut
1348 2315 1575 2385 quemadmodum
1601 2315 1836 2385 dicit·Apostotus
1860 2313 1889 2371 iu
1915 2329 1960 2371 re·

1171 2406 1340 2462 surrectione
1361 2422 1415 2462 non
1437 2406 1549 2462 conluse
1568 2414 1682 2478 agantur
1703 2407 1810 2473 omnia,
1827 2406 1898 2462 sede
1915 2419 1962 2465 ιι·

1171 2498 1228 2552 niat
1248 2497 1433 2568 unusquisque
1454 2498 1481 2552 in
1505 2512 1555 2553 suo
1575 2496 1672 2553 ordine
1694 2497 1800 2552 initium
1817 2495 1960 2566 Christus,

1171 2591 1267 2646 deinde
1294 2592 1339 2657 bi,
1364 2592 1490 2662 quisunt
1508 2590 1625 2657 Christi,
1644 2593 1688 2662 qui
1713 2592 1740 2646 in
1763 2591 1879 2647 adventu
1900 2591 1962 2663 slus

1170 2693 1349 2755 speraverunt
1370 2698 1431 2739 cum
1453 2684 1594 2739 tradiderit
1617 2700 1729 2754 regnum
1749 2684 1805 2739 Deo
1827 2690 1855 2738 et
1870 2683 1959 2754 patri,

1171 2781 1269 2829 etcum
1283 2772 1429 2841 subjecerit
1450 2773 1476 2827 ei
1499 2787 1606 2829 omnem
1630 2772 1812 2844 principatum
1834 2779 1862 2828 et
1881 2780 1960 2843 pote-

1171 2872 1267 2918 statem
1290 2862 1326 2935 (l
1343 2862 1405 2918 Gor.
1422 2879 1457 2917 xv
1468 2863 1476 2934 ι
1488 2903 1496 2928 ,
1510 2880 1523 2918 ι
1538 2864 1583 2919 nbi
1605 2863 1664 2918 sine
1686 2863 1767 2918 Dubio
1791 2862 1860 2917 tales
1883 2877 1957 2934 quse·

1171 2955 1233 3009 dam
1244 2963 1397 3010 castrorum
1408 2954 1612 3009 observationes
1629 2962 1657 3008 et
1672 2951 1853 3007 sacerdotales
1869 2951 1961 3010 abut-

1170 3044 1294 3101 butiones
1305 3053 1333 3099 ct
1345 3044 1454 3100 ordines
1465 3059 1498 3100 ac
1510 3045 1633 3099 tubarum
1647 3042 1858 3115 significationes
1869 3051 1961 3098 errant.

1170 3134 1246 3202 Quod
1261 3144 1351 3191 atttem
1366 3136 1486 3208 exceptis
1499 3151 1546 3191 sex
1560 3136 1673 3192 urbibus
1687 3132 1880 3204 lugitivorum,
1893 3129 1961 3187 allas

323 3231 384 3271 esse
402 3215 481 3283 Leti,
499 3216 620 3283 Gerson,
636 3228 662 3274 ct
679 3218 781 3285 Caatlr,
801 3229 829 3275 ιι
846 3220 962 3289 llerari,
981 3230 1009 3276 et
1028 3228 1118 3278 osten·
1169 3227 1348 3298 quadraginta
1370 3226 1437 3282 duas
1459 3227 1541 3283 urbes
1558 3226 1657 3282 lenite
1678 3225 1831 3298 accipiunt,
1854 3219 1961 3280 indubi·
2061 3265 2069 3282 .

325 3305 398 3360 ditur
424 3306 572 3376 primatum
599 3310 720 3364 tenuisse
746 3310 773 3363 in
800 3310 902 3365 honore
927 3310 1035 3377 (laath,
1064 3311 1117 3367 boc
1169 3322 1260 3370 tanter
1272 3316 1329 3385 ipsa
1343 3316 1497 3386 praedicatio
1509 3325 1663 3372 sanctorum
1677 3317 1810 3388 signatur.
1823 3314 1875 3387 lpsi
1887 3312 1965 3372 enlm

322 3405 381 3462 cst,
407 3396 453 3468 qui
478 3397 526 3452 nbi
548 3397 632 3455 Caatlr
656 3398 764 3455 luerunt
786 3415 819 3456 er
839 3400 973 3456 Arnram:
997 3417 1060 3457 nam
1084 3401 1118 3457 de
1169 3404 1308 3474 possident
1331 3405 1498 3471 doctrinam,
1521 3421 1582 3476 qne
1603 3414 1708 3462 constat
1730 3406 1797 3478 legis
1816 3405 1967 3478 decalogo,

322 3505 356 3545 eo
374 3490 495 3562 lloyses,
512 3500 539 3547 et
553 3488 660 3556 Aaron,
684 3499 711 3547 et
733 3490 827 3547 lluria.
853 3490 1010 3563 (Nerion.)
1033 3492 1118 3564 lgitur
1131 3499 1155 3563 c
1170 3502 1199 3549 et
1214 3495 1367 3565 quadrifido
1383 3495 1521 3567 Evangelii
1539 3512 1670 3564 numero,
1689 3498 1766 3569 quasi
1784 3499 1875 3563 decies
1891 3513 1960 3572 qua·

323 3580 357 3635 de
374 3578 459 3635 Caatb
479 3596 543 3651 pars
558 3582 665 3651 quidem
686 3580 845 3654 [quedam]
861 3580 947 3650 plebis
962 3581 1058 3637 effecta
1072 3590 1115 3638 est
1169 3592 1261 3638 ternas
1282 3585 1363 3639 urbes
1379 3584 1525 3648 babentes,
1545 3586 1644 3656 quibus
1660 3587 1741 3642 etiam
1758 3588 1817 3643 duae
1829 3586 1962 3658 adjiciun-

322 3672 518 3740 sacerdotalis,
543 3690 603 3744 quae
626 3683 667 3730 est
687 3674 779 3730 Aaron
801 3681 830 3729 et
856 3672 904 3728 filii
921 3673 989 3742 ejus.
1010 3672 1116 3746 lloyses
1169 3680 1223 3737 tur,
1240 3670 1302 3742 quia
1318 3671 1446 3725 nimirum
1459 3682 1555 3728 cuncta
1569 3688 1629 3742 qnae
1641 3675 1806 3744 praedicant,
1820 3676 1917 3732 morali
1928 3693 1961 3734 ac

323 3771 415 3819 autem
440 3764 468 3819 in
492 3764 653 3822 sacerdotali
677 3763 789 3828 ordine,
819 3772 867 3818 aut
892 3762 914 3818 si
940 3763 1005 3833 quid
1029 3763 1113 3819 etiam
1166 3759 1282 3831 mystico
1304 3775 1385 3815 seusu
1402 3761 1572 3816 annuntiant.

323 3852 439 3921 amplius
453 3853 615 3909 sacerdotali
634 3868 695 3909 csse
715 3860 803 3924 potest
818 3851 959 3908 habendus
980 3861 1041 3908 est:
1059 3852 1113 3908 alia
1206 3870 1215 3901 ι
1233 3849 1267 3904 Ει
1285 3848 1355 3915 erit,
1378 3849 1485 3920 inquit,
1500 3851 1685 3917 sanctuarinm
1700 3852 1805 3908 Domini
1822 3854 1849 3908 in
1869 3853 1961 3911 medie

323 3955 389 3997 uero
403 3950 446 3997 est
459 3942 528 3997 ratio
548 3942 581 3998 ιιι
602 3942 665 3999 llliis
686 3940 754 4010 ejus.
774 3941 870 3998 Caeterl
889 3952 979 3997 autem
999 3956 1034 3998 ex
1054 3941 1116 3999 ssliis
1170 3959 1179 3991 ι
1198 3938 1266 4009 ejus.
1289 3939 1483 3997 Sacerdotibus
1503 3943 1687 4018 sanctuarinm
1704 3945 1758 3999 erit
1775 3943 1809 3998 (ιι
1826 3944 1888 4001 liliis
1908 3943 1957 4000 Sa·

323 4032 427 4097 (laath,
448 4032 596 4088 secundum
617 4040 760 4089 tenuerunt
778 4033 806 4087 iu
829 4032 900 4087 tribu
919 4031 996 4088 Leni.
1019 4031 1048 4089 Si
1068 4034 1114 4104 qui
1171 4054 1179 4084 ι
1198 4034 1284 4098 doeh,
1304 4033 1350 4103 qui
1370 4023 1747 4091 custodieruutcceremonias¹
1766 4051 1842 4092 orcas
1857 4045 1957 4095 ιι·ιιιιι

326 4129 391 4177 suut
407 4136 440 4176 ex
455 4121 580 4178 lssacbar
597 4132 625 4177 ct
643 4121 770 4179 Cbebron
788 4130 816 4178 ιι
834 4121 920 4178 odiet.
936 4121 1003 4176 Cum
1018 4122 1115 4180 deinde
1170 4141 1179 4172 r
1198 4131 1358 4177 erraverunt
1373 4137 1435 4177 cum
1449 4130 1574 4177 errarent
1587 4122 1634 4177 dlii
1648 4122 1748 4190 lsmel,
1762 4126 1833 4181 sicut
1847 4139 1958 4184 errare-

320 4221 384 4279 post
406 4210 459 4266 boc
478 4212 614 4282 accipiunt
633 4220 737 4282 partem
757 4218 819 4281 post
839 4209 923 4265 Caatb
939 4225 954 4266 e
974 4210 1036 4267 otiis
1048 4210 1116 4286 Ger·
1170 4230 1179 4262 ι
1199 4220 1261 4267 runt
1274 4211 1383 4268 Levitae.
1397 4212 1429 4266 Et
1440 4222 1520 4268 crunt
1533 4213 1660 4285 primitiae
1674 4213 1707 4270 tle
1719 4216 1865 4287 primitivis
1879 4226 1960 4273 terne

323 4317 373 4358 son
395 4301 475 4360 tertio
493 4302 551 4360 loeo
568 4321 574 4356 :
594 4302 758 4358 norissimus
779 4317 843 4358 vero
863 4302 984 4357 onmium
1003 4302 1111 4359 llerari.
1170 4311 1321 4360 «sanctum
1343 4315 1501 4360 sanctornm
1519 4305 1595 4374 juxta
1609 4307 1755 4363 terminum
1769 4307 1958 4378 heritarum».

322 4396 386 4454 llaec
410 4405 453 4453 est
476 4404 565 4452 autem
591 4394 741 4452 differentia
765 4394 846 4466 primi
870 4393 990 4462 ordinis,
1016 4401 1045 4450 et
1068 4409 1115 4451 se·
1167 4395 1177 4466 ι
1185 4394 1307 4465 llieron.)
1324 4393 1445 4461 Quatuor
1457 4396 1638 4465 primitiarum
1652 4396 1845 4455 describuntur
1858 4399 1959 4473 plaga,

321 4486 422 4552 cundi,
446 4494 475 4543 ιι
497 4485 569 4541 tertii
594 4485 634 4541 rel
656 4484 762 4555 quarti,
785 4499 867 4553 quam
888 4482 1115 4555 primoomnium
1166 4501 1227 4556 quae
1241 4502 1293 4541 non
1308 4486 1342 4540 ad
1355 4485 1484 4558 populum
1499 4502 1549 4543 nec
1562 4486 1595 4542 acl
1608 4487 1704 4559 tulgus
1719 4489 1851 4560 ignobile,
1873 4505 1961 4562 neque

322 4575 528 4655 obsecraumus
544 4576 570 4630 in
593 4575 722 4632 numeris.
743 4572 841 4629 Postea
864 4573 954 4635 enim,
969 4586 1051 4641 quam
1073 4585 1117 4627 or·
1168 4574 1201 4630 ιιι
1223 4575 1348 4640 laevitas,
1370 4576 1423 4631 boc
1444 4585 1485 4632 est
1508 4576 1663 4657 inferiorem
1681 4579 1813 4649 gradum,
1829 4580 1877 4636 sed
1896 4594 1960 4652 pro·

323 4669 422 4725 dinate
443 4667 552 4726 lucrant
570 4665 710 4726 duodecim
733 4666 819 4721 tribus
838 4680 887 4737 per
905 4673 1023 4736 quatuor
1042 4663 1117 4721 orbis
1168 4670 1226 4738 prio
1249 4669 1283 4727 ad
1305 4670 1407 4725 cultum
1429 4671 1546 4741 pertinet
1566 4669 1754 4738 sacerdotum,
1770 4671 1905 4742 aquilonis
1919 4674 1962 4729 ri-

322 4767 402 4814 terrae
424 4767 531 4830 partes,
558 4758 631 4814 circa
652 4772 744 4813 arcam
770 4757 923 4813 testamenti
943 4755 1049 4811 Domini
1068 4770 1116 4811 ex·
1168 4758 1266 4815 delicet
1287 4769 1315 4815 et
1338 4746 1487 4815 occidentis
1511 4769 1538 4815 et
1559 4760 1673 4816 orientis
1693 4770 1721 4817 et
1743 4763 1843 4830 austri,
1864 4769 1893 4819 ιι
1911 4779 1961 4838 per
1995 4814 1997 4817 .

321 4851 416 4908 cubias
435 4866 532 4924 agere,
554 4859 583 4906 et
604 4857 713 4907 statute
732 4858 796 4905 sunt
819 4858 874 4904 tres
897 4848 1006 4919 quidem
1030 4847 1261 4920 tribustartes
1280 4848 1450 4921 profectuum
1469 4849 1536 4904 ordo
1556 4857 1692 4916 narratur,
1711 4858 1741 4905 ut
1760 4851 1895 4924 aquilonis
1908 4852 1960 4910 iri-

320 4938 357 4996 ab
382 4941 504 5006 oriente,
531 4947 558 4995 et
581 4947 636 4995 tres
659 4938 768 5009 quidem
793 4939 827 4996 ab
852 4936 945 5002 ellrico
967 4936 1009 4992 tel
1031 4936 1114 4994 meri·
1168 4956 1234 5012 gora
1259 4940 1443 5009 relinquentes
1469 4939 1610 4995 veniamus
1633 4941 1667 4995 ad
1692 4942 1877 5013 occidentem,
1904 4959 1960 5020 qno

321 5033 421 5099 diano,
437 5041 492 5106 tres
507 5042 596 5087 autem
616 5046 708 5096 mare,
728 5031 801 5101 quod
815 5039 857 5088 cst
876 5030 910 5086 ad
930 5029 1113 5095 occidentem,
1168 5030 1266 5085 scilicit
1290 5030 1416 5085 occidant
1441 5028 1520 5085 nobis
1545 5029 1609 5085 titia
1638 5038 1719 5102 atque
1747 5032 1893 5103 intereant.
1922 5031 1958 5093 m

322 5132 380 5180 tres
403 5138 469 5179 rcro
493 5123 528 5178 ad
550 5122 723 5194 aquilonem,
745 5122 791 5192 qui
814 5129 854 5178 cst
878 5121 1044 5192 septentrio,
1068 5122 1112 5176 rrbi
1168 5122 1230 5177 iude
1253 5130 1423 5177 transeamus
1445 5122 1649 5188 adorientem,
1670 5132 1785 5210 ortoque
1806 5123 1960 5183 nobissols

321 5216 406 5272 etiam
430 5214 476 5271 isti
496 5230 546 5287 per
568 5223 685 5293 quatuor
707 5213 781 5270 orbis
804 5221 884 5268 terrae
904 5221 994 5283 partes
1018 5210 1113 5278 eorlem
1163 5210 1276 5281 justitiae
1296 5212 1437 5267 veniamus
1458 5211 1492 5266 ad
1511 5212 1675 5269 meridiem
1667 5231 1693 5270 ιιι
1707 5231 1762 5287 qua
1778 5209 1958 5274 clarissimum

321 5306 417 5362 ordine
435 5306 607 5383 deputantur
625 5304 658 5359 Et
668 5304 830 5384 oboriente
851 5302 959 5373 quidem
988 5301 1033 5358 ubi
1055 5310 1116 5357 erat
1167 5304 1256 5360 lumen
1281 5313 1362 5374 atque
1385 5303 1535 5376 perlectum
1560 5313 1619 5372 cst,
1646 5315 1673 5364 et
1695 5316 1751 5365 tam
1775 5310 1810 5365 ab
1832 5303 1959 5381 aquilone

323 5398 411 5452 tribus
432 5394 518 5461 luda,
533 5406 666 5466 quaerat
685 5398 755 5454 iuter
771 5405 885 5478 captegas
906 5395 1011 5478 prima,
1026 5395 1114 5482 barqu
1167 5394 1307 5464 usquead
1330 5407 1422 5458 mare,
1445 5409 1526 5468 quam
1549 5394 1582 5450 ab
1604 5396 1710 5453 oriente
1734 5397 1875 5482 usquead
1898 5411 1958 5456 ιιι-

321 5497 405 5558 atque
420 5484 507 5564 Dlii
483 5503 542 5557 equs
560 5485 738 5552 collocantur.
761 5487 846 5569 Caatlr
866 5501 932 5545 vcro
952 5494 980 5549 ιι
1001 5473 1114 5558 reliqui,
1169 5485 1265 5562 ridiem
1288 5484 1382 5556 viginti
1404 5484 1524 5556 quinque
1545 5486 1629 5541 millia
1651 5486 1826 5569 longitudinis
1848 5497 1876 5543 et
1897 5487 1959 5544 lati·

322 5581 369 5651 qui
393 5590 474 5652 erant
494 5580 542 5636 tilii
566 5595 656 5659 arcam
677 5561 840 5662 testamenti
848 5579 955 5658 Domini
976 5579 1095 5644 levare
1088 5598 1115 5662 ιιι

322 5674 452 5750 humeros
473 5683 501 5750 et
522 5675 596 5748 tubis
615 5689 714 5753 canere
737 5682 916 5756 statuuntur:
940 5674 1029 5732 itaut
1052 5688 1115 5758 eum

321 5755 410 5837 prima
435 5746 499 5844 tuba
528 5742 703 5838 cecinissent,
732 5749 871 5850 mouerent
895 5772 986 5846 castra
1012 5763 1041 5822 bi
1066 5764 1113 5836 qui

322 5863 403 5923 crant
426 5856 460 5912 ab
482 5855 599 5912 oriente.
625 5853 694 5916 eum
718 5868 784 5914 toro
808 5853 952 5939 cecinisset
976 5845 1112 5936 secuturis,

322 5946 352 6002 bi
372 5947 421 6019 qui
442 5956 521 6004 erant
540 5963 556 6002 a
575 5947 725 6006 meridiano
745 5928 956 6035 consurgerent,
979 5945 1059 6001 tertia
1079 5946 1114 6001 ab

323 6036 479 6103 occideme,
495 6047 590 6109 quarta
611 6038 645 6094 ab
658 6024 794 6112 aquilone
809 6028 1036 6114 libesqpantum
1046 6033 1114 6094 ordo

1171 5574 1272 5630 tudinis
1294 5575 1386 5631 decem
1409 5557 1492 5628 millio¹
1514 5574 1585 5638 siut,
1607 5584 1638 5629 ut
1659 5563 1758 5660 ubique
1778 5563 1873 5631 eadem
1898 5567 1956 5654 lon·

1170 5667 1299 5746 gitndinis
1322 5674 1350 5722 et
1374 5665 1526 5721 latitudinis
1551 5680 1677 5748 mensura
1703 5655 1836 5723 serretur.
1851 5647 1958 5734 ι81ιι-

1170 5760 1304 5817 ctuarinm
1331 5766 1438 5824 autem,
1458 5780 1467 5811 ι
1485 5758 1512 5815 id
1537 5768 1580 5815 est
1605 5758 1734 5831 templum
1757 5758 1862 5818 Domini
1876 5801 1884 5826 ,
1899 5778 1910 5812 ι
1927 5757 1955 5816 ln

1168 5850 1257 5907 medio
1282 5849 1334 5906 crit
1352 5871 1361 5902 ι
1377 5849 1559 5922 primitiarum
1582 5849 1806 5920 sacerdotalium.
1830 5860 1858 5907 et
1879 5865 1958 5922 reque

1169 5942 1254 5999 latere
1275 5957 1307 5998 ex
1329 5941 1402 5998 omnl
1423 5948 1501 6012 parte
1523 5938 1677 6001 vallabitur.
1699 5939 1732 5995 Et
1752 5941 1815 6011 quia
1834 5931 1957 6006 (tirreni,

1168 6031 1211 6089 bae
1233 6039 1323 6088 autent
1344 6040 1424 6087 erunt
1443 6027 1570 6101 primitiae
1592 6029 1737 6085 sanctuarii
1762 6034 1955 6091 sacerdotum.
