4500 6842
246 581 303 646 teet

798 587 950 646 ttotttltAE
970 591 1003 646 th
1024 587 1149 646 tietdo.
1170 591 1213 648 ET
1232 589 1337 650 Entsn

1825 593 1880 650 itin

248 703 358 757 intrare
383 713 411 754 tn
440 698 528 763 orilo,
556 710 604 767 per
626 700 725 753 ostium
749 700 843 764 intret,
868 702 894 756 id
918 710 970 765 est,
991 716 1037 771 per
1053 710 1075 765 Α
1089 703 1141 754 tiat
1163 710 1317 756 ventumm.
1338 701 1389 757 Alii
1415 710 1478 756 sunt
1502 717 1645 774 ergoquos
1660 717 1712 757 nou
1736 701 1880 759 audierunt

246 791 402 854 Christum,
412 791 582 845 ethristmn
591 805 684 845 rernm
696 792 790 854 thum,
801 801 827 846 et
837 808 930 847 rerum
942 792 1039 847 Filium

250 881 300 935 Dei
314 879 456 951 praedicet,
479 890 507 935 ct
525 896 578 933 non
592 879 678 936 solnm
693 881 830 937 Christum
842 884 982 951 praedicet,
995 883 1042 936 sed

247 971 392 1028 etChristi
419 971 532 1040 gloriam
550 980 665 1039 quaerat,
691 988 744 1026 non
766 987 840 1025 suam
856 989 863 1025 ι
879 988 940 1026 tram
965 973 1041 1027 mnlti

248 1058 398 1130 quaerendo
409 1057 523 1128 gloriam
537 1073 623 1124 suam,
633 1074 698 1113 ores
708 1057 811 1113 Christi
823 1069 981 1128 sparserunt
995 1076 1042 1129 po-

249 1151 305 1203 tins
319 1163 402 1218 quarn
413 1156 655 1218 congregaverunt.
674 1147 788 1203 llumilis
809 1157 850 1203 est
862 1150 934 1203 enirn
959 1148 1041 1218 janus

247 1240 377 1294 Christus
389 1240 519 1294 Dominus
534 1239 605 1293 Deus
620 1249 731 1304 noster,
748 1241 791 1309 qui
809 1242 891 1294 intrat
910 1256 959 1311 por
973 1243 1042 1297 banc

244 1333 372 1402 januarii,
389 1338 496 1400 oportet
510 1339 541 1384 ut
554 1330 677 1384 humiliet
691 1346 730 1393 se,
758 1339 787 1384 ut
801 1345 867 1386 sano
877 1332 966 1400 eapite
979 1347 1042 1402 pos-

248 1424 285 1476 sit
300 1422 416 1477 intrare.
434 1420 466 1474 lli
486 1430 549 1475 sunt
559 1421 604 1489 qni
616 1435 709 1475 vocem
723 1421 779 1474 reri
791 1422 1040 1489 pastorisandiunt,

247 1511 276 1564 bi
299 1518 366 1564 sunt
384 1524 454 1579 quos
464 1511 586 1579 proprias
599 1524 664 1564 ores
684 1510 844 1564 nominatim
858 1525 938 1565 verns
950 1520 1042 1581 pastor

247 1611 340 1667 uocat,
355 1602 389 1657 de
412 1601 454 1655 his
466 1601 566 1655 dictum
592 1608 643 1665 est,
663 1600 774 1670 gaudete
786 1609 809 1653 et
825 1600 966 1664 earrdtnte,
980 1617 1042 1670 quo-

247 1694 321 1746 nium
336 1692 443 1746 nentina
454 1699 538 1746 restro
556 1699 616 1742 suut
629 1691 725 1759 scripto
739 1692 766 1744 in
783 1690 862 1745 ttulit.
881 1689 948 1744 ilino
969 1692 1040 1746 eninr

245 1799 296 1840 eas
310 1783 473 1838 nominatim
495 1790 584 1844 rorat,
596 1782 694 1850 etquis
707 1781 776 1835 alius
790 1796 838 1837 eas
854 1783 970 1838 emittit?
991 1781 1041 1835 nisi

245 1873 295 1943 qni
308 1886 406 1926 eorum
433 1878 544 1939 peccata
564 1870 683 1932 dimittit,
701 1877 731 1923 nt
745 1885 806 1925 eum
824 1871 899 1939 sequi
924 1873 998 1926 duris
1011 1872 1042 1925 li·

246 1962 353 2015 hcratae
368 1959 482 2014 vinculis
508 1959 620 2028 possint.
647 1958 680 2012 Et
692 1957 754 2027 quls
765 1973 811 2013 eos
823 1961 971 2029 praecessit,
988 1977 1042 2030 qno

1092 806 1157 844 oves
1168 792 1195 845 in
1217 792 1316 861 qnitnrs
1328 806 1381 847 non
1398 802 1458 846 erat
1469 807 1518 847 ror
1530 791 1631 847 Christi
1644 808 1653 858 ;
1666 799 1800 858 errantes,
1812 791 1879 847 lulsa

1093 882 1223 946 dicentes,
1240 883 1328 936 inania
1342 883 1503 951 garrientes,
1518 897 1586 936 rana
1603 882 1745 950 tingendos,
1765 882 1881 938 misems

1092 970 1271 1035 seducentes,
1307 970 1377 1025 sicut
1404 970 1653 1040 pseudopropheta,
1685 971 1756 1025 sicin
1783 970 1880 1025 scribe

1092 1067 1120 1112 et
1146 1058 1271 1127 pltarisaei
1306 1060 1471 1127 temporibus
1501 1060 1585 1128 ipsius
1608 1058 1724 1113 homiui.
1750 1057 1784 1114 lli
1815 1069 1879 1114 sunt

1091 1148 1137 1214 qui
1160 1157 1290 1200 vetrtrrunt
1316 1162 1365 1217 por
1387 1163 1433 1212 se,
1454 1155 1481 1201 ιι
1507 1164 1559 1201 noo
1575 1155 1666 1201 sunta
1688 1147 1778 1217 judice
1792 1147 1877 1202 missi.

1092 1233 1140 1288 llis
1156 1250 1220 1289 rere
1233 1250 1294 1290 enm
1317 1237 1449 1291 doctrinis
1472 1238 1528 1291 suis
1545 1237 1639 1307 procul
1655 1237 1775 1307 expulsis
1789 1237 1879 1291 videa-

1092 1340 1153 1380 mus
1166 1341 1219 1395 quo
1233 1342 1283 1382 nos
1294 1337 1388 1396 pastor
1405 1330 1492 1383 ltonus
1505 1336 1592 1382 rorat.
1608 1328 1679 1382 Dicit
1691 1328 1784 1382 etnim:

1128 1415 1185 1486 Ego
1195 1434 1252 1472 tunt
1264 1418 1369 1471 ostium.
1386 1416 1439 1471 i'er
1450 1434 1491 1471 nte
1501 1419 1525 1471 ri
1536 1419 1594 1489 quis
1606 1419 1744 1485 introieri‘,
1762 1420 1877 1473 sulendi·

1091 1515 1135 1560 tur
1146 1521 1156 1559 .·
1167 1517 1190 1562 et
1207 1508 1376 1578 ingredictur,
1387 1519 1411 1562 et
1432 1511 1590 1579 egredietur,
1609 1519 1633 1563 et
1644 1526 1742 1581 postue
1758 1511 1876 1565 intentet.

1093 1597 1131 1652 Ex
1146 1600 1198 1655 hoe
1219 1599 1359 1655 evidenter
1382 1602 1499 1655 ostendit
1519 1616 1572 1656 non
1584 1601 1813 1669 solumpastores,
1831 1601 1878 1656 sed

1091 1689 1175 1743 etiam
1199 1703 1264 1745 ores
1291 1690 1393 1745 intrare
1414 1692 1590 1760 pcrostium;
1613 1693 1660 1747 sed
1681 1692 1746 1760 quid
1768 1701 1821 1757 est,
1834 1694 1877 1746 in·

1091 1779 1226 1846 gredietur
1248 1788 1274 1833 et
1290 1781 1447 1849 egredietur,
1464 1791 1488 1834 et
1513 1798 1611 1851 pascua
1626 1784 1747 1837 intendet.
1774 1781 1879 1852 ingredi

1093 1867 1192 1935 quippe
1218 1868 1245 1923 in
1265 1868 1412 1924 Ecclesiam
1436 1887 1485 1939 pcr
1508 1872 1607 1926 ostium
1640 1870 1778 1927 Christum
1803 1872 1880 1926 ualde

1093 1956 1193 2010 lunum
1208 1966 1260 2022 est,
1279 1959 1355 2014 exire
1377 1968 1465 2013 autom
1488 1961 1520 2014 do
1534 1961 1664 2028 Ecclesia,
1686 1962 1757 2018 sieut
1769 1964 1808 2018 ait
1822 1964 1879 2032 ipse

246 2065 309 2104 curn
325 2048 496 2119 sequoretur?
520 2048 570 2101 nisi
586 2048 629 2115 qui
657 2062 800 2117 resurgens
821 2063 836 2101 a
854 2050 967 2104 mortuis
984 2050 1040 2118 jam
1058 2043 1213 2109 ptoannes
1232 2047 1401 2118 Erangetista
1417 2050 1443 2102 in
1459 2050 1576 2118 Epistola
1599 2067 1658 2117 sna,
1673 2067 1706 2106 ee
1724 2053 1798 2107 ιιιιιι
1810 2054 1881 2108 exie·

247 2156 302 2196 non
315 2141 434 2196 moritur
445 2147 473 2194 ct
486 2153 559 2193 utors
572 2138 608 2191 illi
623 2138 693 2194 ultra
707 2154 761 2192 non
775 2138 967 2193 dominabitur.
983 2140 1037 2193 llas

247 2249 315 2290 tero
329 2233 433 2298 educit,
446 2247 462 2285 a
473 2230 525 2285 ilde
539 2231 573 2284 ad
593 2229 724 2299 speeiem,
744 2238 772 2285 et
784 2238 847 2284 aitte
861 2230 928 2284 istas
952 2231 1038 2294 uatlit,

248 2326 312 2396 quia
327 2325 404 2395 prior
417 2322 537 2377 omnium
550 2320 672 2375 oseernlit
690 2319 715 2373 in
732 2318 841 2382 coelum,
863 2327 892 2374 et
905 2334 964 2386 qnae
979 2328 1041 2373 snut

249 2430 313 2471 ores
326 2414 471 2470 motuum
498 2420 658 2480 sequuntur,
674 2410 738 2478 quia
758 2410 849 2465 seium
871 2424 965 2464 rocem
993 2411 1040 2463 do-

248 2506 346 2562 etrinae
359 2501 429 2573 ojus.
444 2502 553 2557 Alienos
573 2516 635 2555 roro
655 2500 782 2555 tinctores
803 2514 856 2553 non
883 2509 1039 2576 sequentur,

250 2599 296 2654 sed
311 2596 418 2668 lugiunt
431 2595 465 2650 ab
479 2595 530 2659 eis,
541 2593 605 2662 qma
617 2607 671 2645 non
685 2599 818 2645 nonerunt
829 2605 933 2653 rocem,
948 2590 974 2644 id
988 2599 1039 2656 cst,

251 2687 403 2744 doctrinam
427 2685 594 2748 alienorum;
622 2682 669 2738 sed
692 2681 818 2751 loquente
841 2680 955 2735 Durnino
977 2680 1041 2737 deso

249 2791 302 2830 non
316 2774 519 2839 intellexerunt,
537 2772 583 2840 qui
606 2771 760 2834 amlicrunt,
775 2770 954 2824 incrassatum
968 2772 1039 2824 enim

251 2862 407 2918 hahuerunt
420 2877 479 2924 our,
491 2870 519 2915 et
536 2861 655 2932 grauiter
669 2860 823 2914 ainlierunt.
848 2859 974 2914 Nominat
995 2877 1040 2913 os-

250 2957 328 3018 tium,
346 2954 469 3008 reordinat
478 2951 556 3016 ovile,
569 2952 690 3006 nominat
713 2966 787 3015 onos,
801 2951 972 3004 eontmcndat
986 2951 1041 3004 turc

248 3046 353 3108 oretria,
375 3044 424 3099 sed
437 3042 554 3098 nondum
565 3041 685 3113 exponit.
700 3039 848 3095 Audiamus
863 3048 1041 3109 expottcutem

247 3136 298 3207 qui
308 3134 465 3189 audirimus
472 3138 666 3203 proponentem
684 3149 690 3184 z

286 3225 389 3280 lterum
409 3224 486 3280 desto
510 3223 572 3277 dicit
597 3222 634 3276 eis
647 3220 760 3286 steten,
788 3234 864 3274 omen
886 3217 946 3272 dieo
959 3218 1041 3282 uobis,

246 3315 313 3384 quie
325 3330 372 3385 ego
384 3330 444 3367 sum
455 3314 550 3368 ostium
564 3312 659 3366 ooiutn.
679 3311 748 3365 Ecce
758 3310 846 3381 ipsum
857 3308 957 3365 ostium
971 3309 1041 3378 quod

1089 2146 1160 2201 ruant,
1177 2138 1221 2190 sed
1236 2149 1420 2193 uenerantes
1440 2141 1522 2194 nobis.
1550 2139 1607 2211 Epo
1622 2142 1678 2197 tuni
1689 2152 1717 2196 ιιι
1735 2143 1815 2197 titum
1828 2143 1877 2198 iu-

1090 2226 1178 2291 heont,
1193 2237 1216 2282 et
1229 2228 1406 2283 abundantius
1418 2230 1540 2284 itubeont.
1556 2228 1668 2285 Videtur
1680 2232 1752 2286 enim
1768 2232 1879 2296 dixisse,

1091 2326 1122 2371 ut
1135 2318 1217 2371 uitam
1230 2327 1359 2373 uternam
1373 2319 1491 2374 lrabeant
1510 2319 1699 2388 ingredientes.
1715 2318 1773 2376 Non
1788 2331 1878 2377 eutem

1090 2417 1179 2477 potest
1192 2410 1307 2479 quisque
1330 2428 1379 2481 per
1404 2412 1515 2475 ostium,
1543 2411 1640 2476 idest,
1666 2427 1715 2481 per
1739 2411 1877 2468 Christum

1091 2503 1183 2572 egredi
1194 2504 1227 2558 ad
1244 2514 1374 2559 aeternam
1393 2504 1486 2566 ritum,
1507 2504 1630 2572 quaeerit
1644 2504 1671 2558 in
1684 2505 1814 2573 supientc,
1828 2505 1878 2560 nisi

1091 2606 1140 2659 per
1157 2592 1243 2662 ipsum
1257 2594 1368 2659 ostium,
1389 2594 1439 2648 boe
1462 2602 1514 2657 est,
1536 2594 1721 2664 pereumdcm
1742 2593 1879 2650 Christum

1092 2682 1243 2738 Ecclesiam
1257 2683 1315 2751 eitts
1327 2676 1398 2752 quod
1409 2691 1449 2739 est
1466 2683 1537 2738 nuile
1549 2684 1618 2753 eius,
1631 2683 1774 2739 intraverit
1789 2684 1823 2738 ad
1844 2683 1882 2737 vi—

1092 2784 1148 2829 tam
1163 2775 1348 2844 tetttporalent,
1362 2783 1476 2843 quaeest
1493 2774 1519 2827 in
1534 2774 1594 2827 dite.
1609 2773 1672 2827 tdeo
1693 2774 1880 2841 elucescent

1092 2874 1119 2918 nt
1134 2866 1211 2919 citent
1236 2865 1345 2918 inirent
1360 2880 1368 2915 :
1383 2866 1434 2918 hoc
1447 2873 1498 2928 est,
1516 2864 1607 2927 tidem,
1629 2879 1690 2932 quae
1702 2877 1751 2933 per
1761 2863 1880 2917 dileetio-

1092 2973 1154 3012 nem
1169 2969 1318 3027 operatur:
1337 2972 1385 3025 per
1398 2972 1479 3025 quom
1496 2955 1575 3009 idem
1588 2956 1615 3009 iu
1637 2955 1707 3009 urile
1724 2953 1879 3022 ingredian-

1094 3058 1140 3103 tur
1160 3058 1189 3102 ut
1213 3047 1322 3101 rirantl
1338 3048 1401 3116 quia
1421 3047 1511 3116 justus
1523 3061 1556 3101 ex
1573 3045 1625 3100 stde
1650 3045 1731 3109 risit3
1748 3054 1773 3097 et
1792 3043 1878 3097 edure-

1092 3137 1200 3190 dontius
1224 3137 1346 3202 betheum,
1361 3136 1406 3205 qui
1422 3134 1619 3203 perseverando
1648 3148 1732 3202 usquo
1759 3133 1786 3186 in
1799 3131 1878 3187 tinette

1094 3226 1185 3282 salvtis
1210 3230 1272 3281 erit.
1298 3226 1350 3281 l‘er
1377 3225 1443 3280 illud
1472 3225 1582 3290 ostium,
1607 3223 1633 3279 id
1649 3231 1702 3290 est,
1728 3239 1778 3293 per
1801 3222 1880 3278 iidem

1096 3315 1197 3373 Christi
1227 3318 1403 3388 egrediuntur
1425 3317 1535 3387 qnando
1563 3318 1620 3374 teri
1641 3316 1734 3372 fideles
1760 3316 1882 3371 moriun-

247 3399 1043 3476 clansumposueratapomit,ipseestostium,agnovimus‚
1058 3423 1081 3485 C
1098 3416 1150 3471 tur,
1178 3418 1207 3463 ot
1232 3408 1412 3463 abundantius
1443 3408 1581 3463 habebunt
1615 3406 1697 3462 sitam
1730 3407 1881 3471 ueniendo,

249 3500 395 3560 intremus,
411 3504 440 3551 nt
453 3510 502 3551 nos
515 3496 630 3550 intrasse
645 3494 819 3565 gaudeamus.

287 3591 387 3645 Omnes
414 3598 538 3659 quotquot
556 3597 692 3653 seruiunt,
715 3586 787 3657 [uret
803 3594 899 3643 suntet
913 3585 1039 3645 latrones.

247 3679 322 3746 Quid
340 3686 383 3734 est
406 3678 468 3743 hoe,
492 3677 624 3733 horariae?
646 3693 735 3732 omnes
756 3686 881 3748 quotquot
906 3689 1039 3744 uenerunt,

248 3769 317 3840 quid
331 3768 404 3823 enim
422 3777 449 3823 tu
467 3784 519 3823 non
533 3767 651 3823 venisti?
663 3768 710 3822 sod
735 3767 854 3839 intellige
866 3785 956 3823 omnes
965 3780 1042 3839 quot-

248 3872 313 3933 quot
325 3874 459 3926 murrum,
473 3861 541 3916 dixit
554 3861 647 3930 utique
668 3875 762 3916 omnes
775 3871 875 3931 praeter
888 3875 940 3915 rue.
956 3859 1041 3915 liero-

250 3953 341 4006 lamus
352 3965 416 4022 crgo
425 3960 488 4005 amo
500 3951 645 4004 adrentum
658 3950 754 4019 ipsius,
767 3957 900 4005 uenerunt
925 3951 1042 4021 propbe-

250 4042 436 4112 uenaeque
454 4041 527 4097 intres
550 4042 658 4095 luerunt
670 4051 699 4095 ιι
719 4040 858 4096 latrones?
870 4041 966 4109 Absit;
989 4058 1042 4097 non
1086 4106 1090 4112 Ι

1092 3514 1146 3570 quo
1158 3499 1300 3569 pastorille
1309 3498 1654 3571 precessit,ttlrinunquam
1664 3498 1760 3555 deinde
1768 3499 1881 3553 nrorian·

1093 3599 1146 3655 tur,
1162 3591 1281 3647 sedtum
1297 3591 1354 3661 ipso
1369 3597 1478 3661 pastore
1500 3592 1592 3644 uiuant
1603 3592 1629 3645 in
1647 3598 1749 3645 aetcma
1762 3590 1880 3645 beatitu-

1093 3678 1195 3735 dinoot
1210 3687 1324 3748 regnent
1333 3694 1382 3749 per
1392 3680 1484 3734 omnia
1497 3680 1595 3734 secula
1619 3679 1790 3735 saeculorum.

1368 3838 1509 3895 liOlllLlA
1522 3838 1611 3893 LXlll.

1423 3945 1500 3983 reon
1511 3946 1548 3983 tr.

1275 4020 1367 4076 Lectio
1379 4018 1494 4073 Actunm
1508 4015 1699 4087 apostolorum.

249 4142 354 4202 praeter
370 4132 444 4186 illum
458 4141 599 4197 venerunt,
614 4141 744 4189 rentur-us
758 4148 896 4202 praecones
909 4136 1041 4199 mittebat,
1131 4132 1163 4186 ln
1182 4130 1273 4187 dicius
1289 4129 1357 4194 tttn,
1372 4138 1445 4183 stom
1458 4127 1553 4181 Petrus
1567 4143 1626 4181 eum
1647 4127 1778 4192 undecim,
1790 4126 1882 4184 tenurit

250 4224 300 4280 sed
314 4237 409 4278 ιιιιιιιι
431 4225 511 4280 corda
526 4240 594 4294 qnos
611 4226 721 4281 miserat
736 4225 900 4297 possidebat,
915 4241 975 4282 eunt
1000 4228 1044 4282 illo
1094 4240 1181 4279 uocem
1197 4238 1273 4277 suunt
1298 4232 1323 4275 ct
1345 4222 1447 4275 locutus
1461 4230 1498 4274 cst
1513 4220 1574 4274 eis:
1600 4218 1654 4273 Viri
1671 4217 1777 4285 duddi,
1796 4230 1820 4274 et
1837 4221 1883 4291 qni

249 4329 320 4385 ergo
330 4316 517 4384 veneruntqui
527 4331 588 4369 cnm
600 4316 681 4371 rotho
690 4316 736 4371 lici
748 4324 879 4371 venerunt
891 4334 898 4370 ε
912 4316 1042 4387 Egosuru,
1094 4317 1218 4370 dubitetis
1230 4314 1397 4369 Hierusalem
1412 4315 1534 4381 utrieeru',
1549 4316 1597 4370 boe
1609 4314 1678 4370 nolis
1692 4325 1781 4370 ιιοιιιιιι
1793 4316 1838 4381 uit,
1857 4326 1882 4370 et

253 4406 355 4476 inquit,
364 4407 416 4469 riu,
428 4407 532 4470 auritos,
544 4407 606 4460 rito.
621 4405 679 4476 lpse
692 4417 734 4461 est
748 4407 928 4469 t·eritas,cunr
943 4406 988 4460 illo
999 4421 1043 4460 ro·
1094 4405 1202 4459 auribus
1216 4407 1338 4476 percipite
1350 4406 1425 4460 turin
1435 4422 1504 4471 mee,
1516 4414 1570 4461 eto.

253 4506 366 4562 nerunt,
379 4496 426 4566 qui
441 4512 551 4551 veraces
563 4497 671 4553 ιιιιιιιιιι
684 4506 712 4553 ιι
725 4499 865 4553 ueritatem
880 4498 1043 4568 praedicare-
1131 4494 1276 4564 Postquam
1288 4511 1336 4566 por
1354 4494 1471 4566 Spiritus
1484 4498 1570 4551 saneti
1586 4498 1711 4567 gratiam,
1726 4513 1785 4568 qnae
1799 4500 1825 4553 in
1840 4500 1884 4554 die

223 4628 226 4634 .
253 4598 330 4654 runt,
348 4596 482 4659 (quotquot
495 4599 584 4644 aurem
605 4599 704 4659 prepter
718 4589 793 4644 ilium
817 4600 949 4645 venerunt
972 4590 1045 4645 tures
1095 4582 1268 4640 Pentecostes
1284 4584 1367 4638 elinsa
1378 4596 1420 4641 est
1430 4597 1626 4656 superuentum
1638 4588 1731 4656 viginti
1743 4589 1884 4643 credentes

252 4689 317 4736 sent
341 4690 369 4735 et
389 4679 508 4735 latmnes
520 4697 527 4744 ;
541 4695 592 4750 par
615 4697 644 4736 se
667 4690 807 4745 venerunt,
829 4681 892 4751 quia
913 4694 961 4750 per
982 4696 1043 4736 enm
1095 4674 1141 4742 qui
1154 4673 1263 4728 luerunt
1282 4675 1309 4729 in
1327 4675 1468 4730 coenaeuio
1482 4675 1547 4730 Sion
1561 4676 1652 4745 positi,
1665 4686 1693 4729 et
1704 4676 1883 4744 loquebantur

253 4771 330 4825 ratast
352 4785 407 4825 non
424 4768 542 4834 tererent,
559 4786 610 4824 nor·
639 4786 711 4825 sana
725 4770 854 4825 ‹torn-nee
871 4764 1179 4834 intrat·enres,1)v³tiis
1193 4765 1302 4835 teignis,
1324 4765 1489 4819 introrsum
1504 4763 1882 4836 istiuuiallueruntstupen-

254 4868 399 4935 dequibus
412 4867 523 4931 dictum,
548 4867 619 4936 [erres
641 4874 736 4919 putatet
762 4865 885 4927 immites,
901 4865 927 4920 id
942 4872 994 4929 est,
1010 4866 1044 4919 :td
1099 4864 1139 4910 tes
1158 4856 1353 4911 ntitttiracttittnt
1368 4867 1423 4910 tant
1436 4856 1577 4910 laudabile.
1597 4856 1649 4909 Adii
1663 4858 1773 4926 quitiam
1792 4859 1818 4913 in
1832 4861 1884 4915 ltne

254 4956 438 5012 herandumet
456 4956 631 5011 occidendum
648 4964 788 5008 uenerunt.
815 4954 866 5007 Sed
882 4969 933 5006 non
951 4953 1045 5007 andie·
1098 4948 1242 5002 loudobant
1257 4949 1349 5011 lirum,
1369 4948 1413 5002 alii
1433 4962 1497 5001 rem
1517 4947 1640 5002 cbriehtti
1656 4948 1821 5018 deputabant
1843 4951 1883 5004 di-

253 5056 317 5102 runt
331 5060 471 5123 eosjrres,
488 5062 548 5116 quae
570 5061 640 5099 rene
661 5053 723 5098 sunt
735 5060 809 5100 ntes.
836 5059 888 5097 non
911 5044 961 5097 suh
973 5043 1043 5113 pelle

253 5142 344 5203 orinia,
358 5139 534 5209 lupinumcor
548 5139 758 5202 abscondentes;
776 5139 908 5207 igiturqni
918 5147 981 5193 ante
993 5140 1042 5192 ad-

254 5241 364 5288 rentum
388 5231 489 5286 Christi
508 5232 733 5302 predicaverunt,
748 5233 842 5285 eodem
857 5229 959 5299 Spiritu
972 5246 1043 5299 prae-

254 5324 416 5378 dicaverunt
439 5338 492 5392 qim
510 5323 623 5391 apostoli
636 5331 664 5377 ct
682 5322 767 5376 saneti
784 5322 908 5376 doctores
919 5331 980 5390 post
994 5321 1042 5375 ad-

254 5423 365 5470 rentum
379 5413 480 5469 Christi
493 5414 614 5467 raritatis
636 5412 707 5467 uiam
723 5413 824 5466 mundo
847 5413 1040 5477 ostenderunt;

255 5514 390 5576 quotquot
412 5514 501 5560 antem
518 5506 564 5559 illo
585 5504 884 5574 tenmorocredidernnt
900 5505 941 5558 rel
954 5504 1042 5560 Abra-

256 5593 330 5660 ham,
347 5592 390 5650 ιιι
407 5592 494 5657 haee,
508 5596 548 5648 ιϊΙ
566 5592 660 5656 darrih,
687 5592 728 5648 vel
745 5592 844 5663 lioyse,
864 5594 905 5648 rel
922 5594 983 5649 aliis
995 5610 1042 5664 pa-

255 5682 392 5748 ttiurcbis,
410 5683 524 5753 aliisque
546 5682 684 5753 prophetis
701 5681 838 5738 Christum
863 5686 1041 5752 pronuntian-

256 5772 345 5839 tibus,
361 5787 427 5827 oues
441 5782 520 5827 erant
539 5781 566 5826 et
584 5772 721 5827 Christum
737 5771 889 5837 andierunt,
904 5788 957 5828 nen
974 5775 1039 5829 alie-

256 5879 315 5916 nant
328 5878 422 5916 rocem
437 5862 485 5916 sed
500 5863 585 5932 ipsius
609 5862 710 5916 Christi
734 5862 888 5915 audierunt.
908 5864 975 5918 Natu
999 5866 1042 5935 ju-

257 5953 304 6006 dex
327 5951 428 6005 elantat
443 5951 469 6004 in
482 5967 617 6020 praestrue,
636 5954 697 6006 tium
712 5969 799 6022 praeco
809 5952 925 6021 jtttlirem
939 5973 1041 6010 anturn-

459 6044 594 6105 Pnrnot..
612 6045 678 6103 CX.

1097 5054 1202 5093 remam
1217 5039 1389 5102 locutionem,
1409 5052 1461 5091 non
1476 5037 1527 5091 rite
1542 5038 1734 5110 intelligentes,
1758 5042 1830 5110 quod
1847 5043 1884 5095 la-

1095 5136 1169 5183 otnm
1189 5127 1291 5193 iuerat;
1308 5128 1378 5183 unde
1391 5126 1488 5182 Petrus
1501 5127 1647 5196 apostolus,
1666 5129 1736 5183 sicut
1752 5130 1831 5184 tarodo
1846 5129 1884 5183 le·

1097 5229 1169 5276 ctum
1180 5229 1232 5285 est,
1243 5220 1334 5274 iuuerit
1346 5237 1431 5274 uocem
1442 5237 1517 5274 suunt
1532 5230 1556 5275 et
1566 5220 1668 5275 loeutus
1678 5231 1715 5275 est
1728 5223 1786 5276 eis:
1799 5225 1884 5278 mani¹

1096 5310 1199 5367 lestans
1210 5310 1346 5365 laudabile
1368 5310 1415 5365 [lei
1438 5312 1549 5365 donum.
1564 5310 1622 5365 Non
1642 5312 1728 5368 solum
1746 5328 1823 5384 ergo,
1845 5316 1885 5369 iu-

1096 5404 1203 5474 quiuot,
1219 5404 1265 5474 qui
1282 5412 1377 5456 natura
1394 5412 1457 5457 sunt
1469 5401 1554 5457 tutat
1569 5418 1603 5457 ex
1618 5403 1725 5459 diverso
1740 5406 1806 5460 orbe
1822 5422 1886 5461 eon-

1096 5505 1229 5552 uenerunt
1239 5514 1246 5561 ;
1258 5513 1350 5552 rcrtrm
1361 5508 1388 5552 ot
1398 5498 1443 5567 equi
1454 5498 1480 5552 in
1492 5499 1622 5568 praeputio
1630 5499 1685 5553 nati
1695 5514 1789 5554 eorum
1799 5500 1886 5554 aditae

1096 5606 1156 5645 sero
1173 5591 1246 5643 ritui.
1262 5590 1314 5642 dlii
1328 5599 1414 5643 autern
1428 5590 1566 5644 irridentes
1582 5590 1713 5655 dicerunt,
1725 5590 1786 5662 quie
1800 5600 1885 5644 musto

1094 5682 1165 5752 pieni
1185 5692 1244 5735 stud
1264 5681 1559 5745 huntendonesire
1578 5682 1691 5753 tuystice
1710 5689 1801 5735 tumen
1821 5695 1885 5734 tota

1096 5781 1246 5839 testantur;
1261 5775 1324 5845 qnia
1339 5789 1391 5828 non
1408 5774 1470 5827 vino
1489 5773 1573 5827 ιιιιιι
1592 5774 1664 5842 quod
1678 5772 1704 5826 in
1722 5770 1823 5841 nuptiis
1837 5770 1886 5825 he·

1095 5864 1185 5920 crissie
1195 5866 1296 5930 delicit,
1308 5866 1355 5920 sed
1367 5875 1454 5920 nausto
1463 5865 1625 5935 suntgratian
1635 5862 1765 5936 spiritalis
1774 5862 1886 5932 impleti,

1092 5958 1149 6024 jam
1162 5961 1234 6012 ιιιιιιι
1249 5961 1338 6012 ιιιιιιιιι
1354 5974 1453 6012 notum
1470 5959 1496 6012 in
1511 5967 1585 6012 utres
1600 5973 1683 6011 titirus
1694 5964 1812 6018 verterat,
1826 5973 1886 6011 curn

1612 6054 1631 6105 o
