4500 6842
288 662 356 717 tibi
943 662 1254 724 uiuiiutitucibit.
1839 666 1906 724 iles

284 792 338 849 qno
360 776 444 845 gradu
459 775 563 846 patritus
581 774 664 829 molta
684 773 812 832 uriracnla
830 773 893 830 iecit
910 774 937 831 iu
954 774 1071 832 sanitate
1084 777 1107 837 Α
1122 772 1262 844 praesidem
1276 772 1424 828 trucidatus
1441 780 1482 828 est
1498 772 1578 827 simui
1597 787 1658 830 cum
1678 772 1809 829 militibus
1829 776 1908 834 Dieu-

285 868 469 931 inlirmorum;
488 881 549 921 cum
564 874 654 936 autem
667 864 705 920 iiii
721 864 862 934 inspiratio
874 863 964 919 divina
978 863 1071 920 solita·
1124 862 1221 928 therio,
1237 860 1589 918 Feliciauoethiexaudro.
1607 861 1675 916 Nam
1689 877 1751 918 cum
1770 878 1906 920 memora-
1938 896 1941 904 ι

287 958 354 1012 riam
367 957 451 1011 vitam
465 956 492 1010 iu
505 963 622 1011 mentem
635 954 725 1018 dedit,
737 955 781 1011 ubi
796 953 1013 1023 contemplationi
1031 952 1072 1008 di·
1123 965 1166 1012 tus
1176 956 1318 1025 episcopus
1328 955 1462 1026 predictis
1471 955 1601 1010 militibus
1614 956 1648 1010 ad
1662 956 1867 1012 custodiendum
1880 956 1908 1014 iu

287 1048 354 1101 vium
364 1044 467 1116 jugiter
481 1054 598 1109 vacaret,
613 1044 731 1120 perrexit
744 1044 770 1097 iu
786 1053 919 1100 secretum
934 1044 1033 1109 locum,
1044 1052 1073 1098 et
1122 1046 1260 1102 carcerem
1276 1046 1391 1100 traditus
1401 1034 1489 1111 esset,
1504 1045 1541 1101 ibi
1559 1046 1679 1117 angelica
1699 1048 1801 1104 visione
1813 1050 1908 1106 visita·

287 1136 377 1192 sedulo
389 1136 415 1193 in
431 1136 477 1191 Dei
492 1134 604 1190 seruitio
616 1134 762 1197 laborabat,
776 1133 860 1188 dduce
873 1133 979 1188 vocatio
991 1132 1072 1199 etele-
1122 1145 1167 1191 tus
1178 1144 1230 1191 est.
1243 1136 1319 1192 Unde
1334 1136 1383 1206 ipsi
1399 1136 1524 1192 custodes
1537 1137 1658 1193 videntes
1672 1137 1708 1193 ibi
1720 1138 1808 1194 iumen
1820 1141 1910 1211 spien-

287 1227 336 1280 stis
350 1225 383 1279 ad
393 1234 522 1280 auruum
535 1223 654 1292 requiem
667 1221 740 1277 ilium
751 1222 886 1291 perduxit.
1122 1229 1226 1296 ditium,
1242 1230 1369 1285 cadentes
1384 1230 1418 1285 ad
1431 1231 1503 1286 beau
1518 1231 1634 1288 Victoris
1644 1249 1746 1304 genua,
1760 1237 1907 1292 remedium

320 1313 378 1370 iiiii
391 1312 458 1370 itan
472 1311 563 1368 Sancti
579 1310 667 1370 Patris
681 1311 765 1366 nostri
779 1309 903 1376 rirseuii,
922 1310 956 1367 de
974 1325 1028 1380 quo
1044 1311 1071 1368 iu
1121 1318 1156 1372 ab
1169 1334 1202 1374 eo
1212 1318 1355 1388 impioram
1369 1334 1455 1388 :quos
1468 1334 1529 1374 curu
1541 1330 1653 1377 sanctus
1664 1323 1806 1394 episeopus
1818 1325 1909 1395 bapti·

283 1409 375 1464 verbis
386 1408 524 1463 seniorum
539 1406 656 1462 relertnr
668 1406 730 1474 qaia
745 1412 855 1475 propter
867 1404 1071 1462 redundantiam
1122 1414 1220 1470 ιιιιιι,
1235 1415 1262 1461 ιι
1274 1407 1323 1477 ipsi
1338 1408 1365 1462 in
1380 1407 1550 1465 consessione
1571 1412 1688 1467 nominis
1705 1411 1807 1468 Christi
1824 1429 1909 1484 usqne

284 1497 464 1570 lacrymarum
484 1497 639 1568 tergendam
655 1496 793 1553 sudarium
813 1512 922 1567 semper
942 1496 970 1551 in
990 1513 1071 1554 mauu
1123 1496 1247 1551 inlunem
1268 1508 1503 1568 perseverassent,
1525 1501 1655 1572 martyrio
1683 1503 1805 1558 coronati
1834 1514 1907 1562 sunt.

285 1607 334 1647 sua
348 1592 390 1647 vel
404 1591 465 1646 sinu
479 1590 613 1645 babuerit.
1122 1585 1254 1642 Similiter
1273 1595 1301 1641 ct
1324 1587 1466 1659 episcopus
1482 1587 1560 1656 jussu
1578 1591 1749 1659 imperatoris
1760 1595 1908 1650 decollatus

319 1682 378 1738 ititi
390 1681 456 1736 iias.
470 1681 498 1735 in
511 1680 600 1735 birico
617 1680 704 1735 nataie
720 1678 846 1745 Larciani,
859 1679 947 1744 Petri,
960 1680 1070 1737 iiruabi-
1121 1686 1173 1732 est.
1191 1676 1269 1733 Unde
1281 1686 1309 1741 et
1327 1687 1389 1747 post
1409 1680 1568 1750 martyrium
1583 1690 1737 1738 sanctorum
1752 1686 1907 1754 expletum,

284 1770 319 1827 iis
332 1782 360 1827 et
372 1771 518 1835 Nunnium
531 1781 558 1825 et
571 1770 729 1834 Thebaidos,
742 1771 859 1826 Victoris
870 1769 1029 1844 [Victoris],
1044 1781 1071 1828 et
1120 1766 1300 1830 Maximianus
1315 1768 1462 1838 imperator
1476 1770 1627 1824 ιιιιιιιοιιιιιιι
1643 1771 1815 1828 infestatione
1832 1774 1909 1831 vaide

285 1862 312 1917 in
326 1862 468 1927 Damasco,
481 1860 572 1916 Savini
587 1859 716 1933 [Sabinil.
1121 1855 1306 1924 torquebatur,
1319 1856 1363 1925 qui
1378 1856 1448 1910 iuter
1461 1871 1556 1927 poeuos
1568 1858 1601 1912 ad
1618 1859 1753 1915 Arterium
1766 1863 1908 1931 presidem

318 1952 366 2007 iili
380 1951 447 2007 tias.
467 1949 557 2006 Sancti
573 1950 690 2005 Danielis
699 1949 846 2021 propbeta.
855 1949 958 2016 Romae,
970 1948 1070 2005 Prare·
1121 1946 1239 2001 ciamare
1260 1949 1344 2018 carpit
1365 1964 1397 2004 ιι
1418 1949 1528 2005 dicere:
1546 1972 1555 2003 ι
1575 1950 1632 2006 lieu
1657 1952 1762 2008 incidor
1787 1955 1870 2010 miser
1891 1970 1908 2009 ι

284 2045 326 2100 dis
339 2045 460 2115 virginis,
476 2060 535 2114 quae
552 2042 601 2099 luit
613 2059 691 2100 soror
702 2043 884 2109 Potentianae,
898 2052 926 2099 et
940 2043 1069 2113 temperi·
1121 2040 1223 2096 soractis
1236 2040 1302 2095 viris
1315 2055 1348 2095 ac
1364 2049 1511 2110 torqueor:
1527 2041 1573 2112 qui
1596 2051 1626 2097 ut
1648 2043 1725 2099 video
1740 2042 1795 2116 jam
1814 2052 1841 2100 et
1858 2058 1909 2100 rsus

283 2134 335 2188 bus
345 2132 473 2188 Antonini
487 2133 657 2204 imperatoris
675 2132 773 2187 multos
783 2132 952 2189 Christianos
970 2131 1004 2187 ιιι
1020 2147 1070 2187 siaa
1084 2126 1107 2185 it
1121 2129 1289 2186 excludimus
1307 2145 1322 2184 a
1342 2130 1417 2195 luce,
1430 2147 1510 2201 quam
1526 2132 1648 2198 tulimus,
1663 2142 1771 2204 torquet
1783 2142 1811 2190 et
1827 2149 1908 2206 poena

284 2225 433 2281 substantia
444 2224 560 2284 iniebat.
575 2223 642 2281 Cum
655 2233 744 2280 autem
756 2224 921 2296 divulgatum
933 2233 1005 2280 esset
1015 2224 1070 2278 hu·
1120 2234 1201 2290 quatu
1227 2221 1366 2289 dedituus;
1385 2222 1471 2291 majars
1483 2234 1540 2290 est,
1552 2228 1623 2295 quoti
1643 2226 1809 2298 recepimus,
1826 2242 1908 2298 quam

284 2314 378 2369 touiuo
398 2313 554 2383 imperatori
581 2313 652 2383 quod
678 2321 827 2369 conventus
847 2311 925 2367 deret
945 2312 973 2367 iu
992 2310 1071 2368 titulo
1120 2314 1192 2382 quod
1215 2312 1338 2372 intulisse
1356 2315 1517 2381 proivamur3
1537 2334 1547 2367 ι
1568 2316 1613 2385 qni
1628 2316 1760 2385 usquead
1781 2324 1908 2386 quartum

284 2400 425 2466 Prasedis,
439 2402 511 2456 misit
524 2410 551 2456 et
564 2402 651 2458 tenuit
663 2400 857 2472 symmetrium
866 2402 1068 2472 presbyterum,
1120 2403 1192 2458 diem
1208 2411 1304 2467 tortus,
1320 2404 1363 2460 die
1372 2405 1492 2475 quintoa
1505 2406 1649 2475 semetipso
1659 2405 1801 2476 laqueatus
1815 2414 1842 2461 et
1851 2405 1907 2476 jam

283 2506 345 2547 eum
357 2492 417 2546 aliis
437 2492 530 2563 viginti
550 2490 669 2556 duobus,
692 2506 760 2560 quos
780 2492 839 2548 sine
858 2490 1070 2561 interrogatione
1119 2496 1193 2552 omui
1215 2496 1366 2565 putredinis
1385 2498 1511 2566 squalore
1535 2499 1672 2564 decoetus,
1694 2500 1831 2556 vermibus
1846 2501 1908 2556 bul·

284 2581 374 2652 gladio
390 2582 478 2651 puniri
492 2582 618 2652 praecepit
630 2583 655 2636 in
672 2582 765 2636 codem
782 2581 871 2647 titulo,
883 2596 997 2651 quorum
1009 2596 1071 2638 cor·
1120 2586 1210 2652 iiens,
1233 2586 1262 2641 in
1286 2586 1412 2643 tirocinio
1432 2588 1495 2645 vite
1521 2604 1577 2644 sum
1594 2588 1694 2644 malum
1723 2589 1803 2660 digua
1821 2599 1909 2646 morte

284 2689 350 2744 pora
363 2674 442 2729 beata
457 2673 587 2728 Praxedis
604 2672 712 2742 collegit
728 2681 756 2726 et
770 2671 891 2742 sepelivit
902 2673 929 2729 iu
943 2679 1070 2734 caemete-
1120 2676 1219 2732 linivit.

284 2764 326 2819 rio
340 2762 469 2819 Priscillae
483 2763 534 2819 suh
551 2763 594 2826 die
606 2778 642 2817 ιιι
661 2762 721 2818 liei.
741 2761 815 2818 luiii.
833 2762 910 2820 Tunc
926 2761 1071 2818 afflictione
1155 2764 1191 2821 ill
1207 2765 1274 2821 iias.
1289 2766 1420 2824 Nativitas
1433 2766 1524 2828 itariae
1538 2767 1710 2838 liagdaienae.
1725 2768 1753 2824 iu
1764 2769 1909 2827 Antiochia

283 2855 431 2909 constricta
444 2854 523 2909 beata
534 2854 661 2909 Praxedis
674 2854 814 2924 ingemuit,
828 2862 856 2918 et
869 2854 958 2909 oravit
969 2852 1071 2908 adDo-
1121 2855 1213 2909 nataic
1230 2853 1493 2927 sanctorumCyriiii
1512 2857 1653 2928 episcopi,
1673 2858 1803 2924 Διιιιιιιις
1827 2869 1855 2915 ιι
1878 2862 1906 2916 iu
2002 2879 2013 2900 ν

283 2944 387 2997 urinum
401 2952 430 2998 ut
447 2943 573 2998 transiret
586 2957 619 2996 ex
634 2944 688 3002 hou
706 2943 823 3008 mundo,
837 2943 914 3013 cujus
932 2944 1070 2998 orationes
1121 2944 1242 3015 taqnira
1263 2943 1392 3017 [Ancyra]
1413 2945 1528 3005 Calatiae
1549 2946 1646 3002 natalis
1666 2949 1752 3004 sancti
1772 2949 1909 3017 Platonis,

283 3042 312 3088 et
326 3032 451 3104 lacrymae
465 3035 498 3088 ad
515 3034 657 3089 Dominum
677 3032 768 3088 iesum
785 3033 923 3091 Christum
941 3047 1072 3104 pervene-
1122 3036 1199 3106 crrjars
1219 3045 1293 3107 gesta
1306 3037 1449 3096 habentur.

283 3132 358 3184 runt.
371 3124 435 3178 Post
450 3125 608 3193 martyriam
622 3132 776 3180 sanctorum
796 3139 877 3194 supra
896 3124 1030 3180 dictorum
1044 3132 1070 3180 et
1156 3127 1181 3182 it
1198 3124 1265 3184 uas.
1287 3128 1424 3197 Depositio
1445 3128 1529 3189 sancti
1553 3128 1716 3199 Apollinaris
1740 3131 1858 3203 episcopi
1880 3133 1907 3189 in

283 3230 429 3278 coronam,
446 3216 571 3285 migravit
589 3215 623 3270 ad
646 3215 789 3272 Dominum
808 3216 884 3287 virgo
901 3224 1009 3272 sacrata
1020 3216 1072 3271 sub
1122 3217 1260 3283 Ravenna,
1274 3219 1319 3288 qui
1336 3219 1428 3274 Deme
1441 3220 1581 3280 ordinatus
1595 3221 1629 3276 ab
1641 3221 1763 3290 apostolo
1776 3220 1867 3287 Petro,
1880 3232 1909 3279 et

283 3308 328 3364 die
338 3323 376 3362 ru
391 3307 447 3362 liat.
460 3307 583 3375 burgasti.
596 3308 630 3361 Et
642 3308 711 3377 apud
724 3307 893 3363 Tiburtinam
906 3308 1000 3366 urbem
1014 3306 1071 3366 ita·
1122 3309 1185 3366 illuc
1199 3311 1298 3368 missus
1307 3319 1364 3377 est;
1376 3309 1422 3380 qui
1437 3312 1519 3374 etiam
1539 3311 1566 3367 iu
1581 3312 1690 3370 AEmiiia
1709 3316 1864 3383 predicavit
1880 3323 1909 3372 ct

283 3398 328 3453 liae
337 3396 425 3452 natale
441 3397 629 3469 symphorosa
641 3411 702 3449 cuni
713 3396 775 3452 uilis
786 3404 899 3467 septem,
913 3393 1069 3461 Crescente,
1122 3401 1150 3456 iu
1163 3400 1285 3470 partibus
1298 3400 1509 3467 Corinthiorum,
1524 3411 1552 3464 ct
1567 3403 1594 3457 iu
1608 3403 1691 3475 blysia
1702 3414 1729 3460 ct
1743 3406 1769 3460 iu
1782 3407 1840 3478 ripa
1854 3408 1908 3464 Da·

283 3488 400 3555 loliano,
414 3488 553 3555 henrcsio,
567 3486 724 3554 Primitiae,
737 3487 858 3554 tustino,
874 3486 1002 3552 Staetco,
1017 3455 1105 3540 ijo-C
1120 3492 1207 3556 nubii,
1218 3499 1246 3547 et
1258 3493 1284 3547 iu
1298 3492 1420 3562 partibus
1430 3492 1565 3562 thracia,
1578 3493 1606 3550 iu
1620 3495 1717 3564 quibus
1731 3495 1797 3562 iocis
1814 3496 1908 3563 cnsilio

283 3580 379 3648 genio,
392 3594 452 3634 cum
466 3580 563 3647 quibus
576 3578 656 3633 simui
673 3594 752 3649 passa
765 3588 808 3634 est
817 3580 852 3635 ab
861 3578 979 3634 hdriauo
995 3576 1070 3649 priu-
1122 3581 1256 3652 relegatus
1269 3588 1322 3646 est,
1334 3590 1361 3635 et
1375 3582 1527 3652 ubicunque
1538 3585 1672 3651 pervenit,
1686 3585 1842 3642 innumeras
1852 3588 1907 3643 vir·

284 3673 362 3740 cipe,
374 3672 419 3740 qui
433 3672 517 3740 ipsam
538 3670 748 3741 symphorosam
767 3668 848 3740 jussit
870 3667 967 3738 palmis
985 3665 1069 3734 endi,
1121 3677 1193 3725 tutes
1213 3668 1278 3725 iecit
1297 3676 1325 3723 et
1346 3669 1485 3738 passiones
1499 3668 1645 3724 sustinuit:
1662 3686 1724 3724 nam
1748 3673 1908 3730 nimiarum
1982 3661 1985 3666 ¹

284 3762 382 3816 deiude
397 3760 523 3830 suspendi
539 3760 676 3826 crinibus;
690 3761 811 3816 sedeam
822 3760 945 3828 superari
960 3757 1073 3815 nullst*
1120 3763 1194 3818 carle
1206 3769 1340 3817 mactatus
1353 3768 1413 3825 est,
1427 3768 1455 3816 et
1474 3775 1582 3815 rursum
1605 3759 1706 3817 diutius
1724 3761 1841 3819 luctibus
1856 3780 1907 3821 ιιι-

284 3870 336 3910 nus
345 3863 447 3925 posset,
456 3855 538 3925 jussit
551 3868 611 3909 eam
625 3853 733 3924 alligato
743 3869 810 3909 earo
823 3853 849 3908 in
861 3852 941 3909 durio
951 3850 1059 3924 praecipi
1121 3869 1178 3917 sus,
1191 3868 1223 3908 ae
1237 3852 1317 3908 nudis
1333 3851 1445 3922 pedibus
1461 3865 1544 3921 super
1554 3865 1656 3921 prunas
1675 3852 1834 3923 impositus,
1851 3871 1908 3912 rur-
1929 3877 1932 3882 ·

284 3947 336 4000 tari
353 3965 359 4000 :
374 3945 451 4014 cujus
461 3944 546 4000 irater
559 3945 704 4016 Eugenius,
715 3945 797 4000 curias
809 3943 967 4015 principalis
975 3941 1070 3998 Tibur·
1120 3959 1166 4001 sus
1181 3958 1267 3999 ussus
1281 3953 1308 3998 et
1321 3942 1419 4012 equuio
1432 3957 1567 4013 appensus
1586 3951 1672 4000 tortus
1685 3941 1742 4009 ιιι,
1758 3953 1785 4000 ιι
1798 3961 1863 4002 saxo
1875 3961 1908 4003 ea

284 4038 363 4100 tinae,
383 4036 512 4105 colligens
523 4050 621 4107 eorpus
635 4037 694 4108 ejus
707 4035 839 4105 sepelivit,
852 4043 879 4090 et
891 4049 970 4090 manc
984 4034 1071 4103 impe·
1119 4032 1178 4101 ejus
1193 4039 1337 4089 contusum
1349 4039 1400 4095 est,
1413 4039 1441 4088 et
1453 4045 1515 4086 curn
1529 4032 1689 4103 gravissimo
1709 4032 1773 4089 ierri
1790 4037 1908 4106 pondere

285 4134 360 4180 rator
372 4124 452 4193 jussit
465 4133 568 4194 septem
580 4124 625 4194 ligi
636 4126 752 4196 stipites,
768 4126 859 4195 ibique
877 4121 1020 4191 filiuseius
1034 4120 1070 4178 ad
1119 4122 1238 4178 inclusus
1250 4122 1277 4176 iu
1292 4134 1401 4178 carcere
1413 4119 1558 4186 berriiieo,
1573 4130 1655 4191 atque
1670 4122 1697 4177 in
1712 4124 1786 4193 liguo
1806 4134 1902 4182 exten·

284 4213 402 4268 trocleas
412 4212 531 4278 extendi,
547 4220 575 4268 et
587 4212 760 4269 Crescentem
775 4213 802 4267 iu
817 4221 925 4283 gutture
938 4209 1068 4281 trausdgl,
1119 4228 1166 4268 sus
1180 4220 1231 4272 est,
1246 4211 1292 4266 ubi
1306 4210 1341 4268 ab
1354 4210 1509 4267 homiuibus
1523 4212 1631 4280 quidem
1648 4212 1795 4284 neglectus,
1812 4217 1859 4272 sed
1871 4218 1907 4273 ab

283 4303 433 4358 burianum
445 4304 472 4357 iu
483 4311 603 4372 pectore,
618 4303 772 4359 Nemesium
792 4304 820 4359 in
838 4303 936 4370 corde,
949 4301 1069 4358 Primiti·
1119 4303 1215 4373 angcio
1231 4301 1338 4372 publice
1348 4310 1441 4371 pastus
1455 4310 1506 4358 est.
1521 4301 1622 4360 Deinde
1634 4312 1776 4360 catenatus
1788 4306 1814 4360 in
1832 4307 1907 4363 essi·

284 4409 347 4447 viana
362 4393 590 4463 persimillimum,
607 4392 742 4449 lustinum
763 4408 811 4463 per
830 4394 952 4448 membra
965 4391 1068 4449 disten·
1120 4393 1184 4448 iium
1207 4393 1325 4448 directos
1339 4400 1396 4457 est,
1418 4392 1445 4448 in
1470 4408 1525 4463 quo
1544 4408 1652 4450 mrsum
1672 4393 1774 4452 diutius
1789 4394 1907 4454 fustibus

284 4499 343 4538 sum
363 4485 449 4540 scindi
462 4500 511 4554 per
528 4484 651 4556 singulos
669 4483 790 4554 corporis
810 4484 895 4538 nodos
910 4491 991 4552 atque
1002 4479 1069 4550 iuu-
1119 4498 1213 4548 cesus,
1228 4488 1255 4539 et
1266 4498 1360 4537 rursus
1372 4482 1399 4537 iu
1412 4481 1540 4538 Ravenna
1550 4481 1659 4552 ligatus,
1672 4498 1687 4537 a
1700 4484 1812 4554 paganis
1821 4499 1907 4541 caestu

282 4582 392 4637 cturas,
415 4573 551 4630 Stacteum
578 4574 679 4630 iunceis
710 4573 951 4629 innumerabilibus
981 4573 1069 4628 donee
1118 4573 1312 4631 etunineratus
1325 4579 1384 4639 est,
1397 4580 1425 4628 et
1442 4588 1550 4629 rursum
1563 4574 1590 4626 in
1608 4587 1746 4629 carcerem
1767 4574 1866 4630 missus
1879 4583 1907 4631 et

283 4671 445 4728 moreretur,
471 4664 498 4718 iu
523 4672 623 4719 terram
644 4662 758 4734 conligi,
783 4662 932 4734 Eugenium
957 4661 1022 4718 Dndi
1050 4675 1068 4720 a
1116 4679 1213 4722 uaesars
1231 4663 1276 4720 Sic
1288 4665 1447 4733 martyrium
1464 4662 1662 4720 consummavit
1678 4664 1729 4718 sub
1742 4663 1907 4733 Vespasiano

282 4763 392 4825 pectore
404 4755 535 4825 usquead
551 4752 693 4811 interiores
704 4761 805 4824 purlet-
817 4752 910 4809 Alton
922 4760 1013 4808 tillem
1022 4752 1067 4808 ilie
1118 4758 1236 4824 Cesare,
1250 4757 1429 4814 Demosthene
1444 4756 1572 4827 patriei0;
1586 4756 1656 4810 rexit
1667 4754 1817 4816 Ecclesiam
1827 4756 1907 4812 anuis

283 4844 394 4898 verricus
418 4844 554 4899 Adrianus
583 4845 730 4916 imperator
753 4845 788 4900 ιιι
812 4844 903 4899 lanum
927 4843 1066 4909 iiercuiis,
1079 4813 1107 4870 n
1117 4849 1212 4920 viginti
1227 4858 1299 4914 octo,
1314 4848 1408 4903 «liebus
1420 4855 1545 4916 qruuuor.

280 4933 363 5003 iussit
380 4949 494 5003 corpora
517 4949 611 4990 corum
633 4934 714 4990 simul
733 4933 855 4999 auferri,
878 4942 906 4989 el
926 4933 1020 5005 projici
1040 4934 1068 4988 in
1154 4940 1190 4995 iit
1205 4939 1272 4994 ilar.
1286 4937 1515 5008 iuTyrocivitnte
1530 4935 1619 4994 natale
1642 4943 1742 4991 sanetae
1765 4936 1906 4993 Claristiuze

283 5025 388 5080 f⁰l⁰²¹¹¹
402 5024 684 5097 alta¹¹¹·1'03180Ptem
699 5027 844 5092 ιθιθιιῐθι,
866 5026 894 5082 ίῐι
914 5026 957 5082 dle
973 5033 1069 5081 00¹³*st
1118 5031 1242 5103 virginis,
1257 5044 1317 5099 quae
1330 5028 1358 5083 iu
1374 5027 1470 5082 vittam
1485 5026 1532 5083 Dei
1547 5026 1677 5091 credens,
1695 5035 1723 5080 et
1741 5026 1824 5101 cultui
1847 5028 1906 5098 najara

282 5117 406 5187 martyrii
418 5132 524 5183 eorum,
540 5116 622 5174 tiliam
641 5118 754 5176 Adriani
767 5118 939 5188 imperaturis
956 5116 1069 5190 arripuit
1118 5122 1294 5184 domminus,
1320 5133 1373 5174 non
1397 5119 1483 5189 potuit
1499 5118 1534 5172 ab
1557 5116 1667 5174 Urbano
1686 5127 1763 5188 patre
1786 5134 1835 5174 suo
1852 5119 1906 5178 uiio

282 5206 416 5272 diabolus,
427 5209 570 5266 etvenieus
581 5211 614 5265 ad
624 5208 768 5265 iocumubi
779 5210 869 5265 obmti
881 5216 959 5263 crant
969 5206 1066 5268 sancti,
1118 5213 1199 5268 modo
1215 5211 1277 5266 inale
1290 5209 1390 5274 divelli,
1406 5209 1453 5264 sed
1468 5207 1538 5262 idola
1548 5205 1606 5275 ejats
1615 5216 1757 5264 conterens
1768 5208 1905 5280 dispersit,
1953 5205 1956 5210 '

210 5307 217 5316 ·
281 5300 417 5355 clamabat
431 5300 597 5370 perosejus
610 5300 732 5360 diabolos
745 5301 855 5356 dicens:
872 5317 881 5350 ι
899 5298 1005 5353 Domini
1016 5298 1069 5362 urci
1119 5298 1474 5370 erdnaiitaapauperibus;
1491 5297 1613 5366 obqand
1636 5295 1737 5353 lactum
1758 5306 1834 5369 pater
1848 5298 1906 5369 ejus

284 5400 385 5459 septem
397 5392 516 5460 geroiani
532 5401 665 5462 martyres
675 5391 787 5455 Christi,
804 5390 946 5446 incenditis
960 5406 1004 5446 me
1019 5389 1069 5445 mi·
1120 5391 1211 5447 multis
1227 5389 1369 5444 tormentis
1383 5403 1443 5442 eam
1457 5385 1607 5453 alliciebat,
1621 5385 1673 5442 lroe
1687 5395 1740 5453 est,
1761 5387 1906 5456 plumbatis

282 5496 381 5537 seram.
399 5502 408 5534 ι
425 5481 484 5551 ip'se
499 5492 588 5538 autern
609 5482 745 5539 Adrianus
766 5484 892 5540 similiter
915 5491 1068 5554 arreptusa
1119 5496 1179 5539 earu
1195 5479 1324 5544 cambas,
1342 5475 1467 5533 similiter
1480 5483 1508 5531 ιι
1520 5476 1604 5544 virgis
1617 5476 1716 5531 undam
1734 5474 1903 5544 flagellabat,

281 5571 414 5626 ‹iaernonio
433 5572 623 5626 miserabiliter
637 5573 719 5627 vitam
729 5571 895 5641 corporalem
909 5571 1005 5626 linivit.
1017 5570 1071 5626 ιιι».
1118 5565 1904 5636 etduodacimhomiuesiustibnsoedcbantmtcamescjus,

282 5663 344 5717 dean
356 5663 400 5717 die
414 5663 562 5718 incivitate
576 5663 684 5718 Verona
697 5663 837 5719 translatio
852 5662 937 5718 sancti
951 5661 1068 5717 Zenonis
1120 5664 1155 5719 ab
1167 5662 1273 5718 ossibus
1292 5658 1442 5715 solvebant.
1456 5656 1552 5713 Postea
1565 5671 1625 5712 earu
1645 5655 1752 5725 ignibus
1771 5654 1812 5710 uri
1833 5670 1904 5725 prae·

281 5754 425 5823 martyris,
443 5753 521 5822 errius
534 5756 630 5810 beatus
641 5754 787 5825 Gregorius
804 5756 830 5809 in
851 5755 927 5814 libris
946 5753 1069 5825 btaingo·
1120 5754 1202 5823 cepit,
1214 5753 1262 5808 sed
1273 5766 1325 5807 uon
1338 5749 1488 5821 praeualuit.
1498 5749 1599 5805 Deinde
1608 5762 1674 5805 saxu
1684 5747 1718 5802 ιιι
1731 5746 1829 5803 collum
1845 5744 1905 5815 ιιιι

281 5858 341 5896 rum
357 5844 489 5899 meminit.
502 5845 601 5900 Eodem
615 5846 658 5901 die
671 5846 760 5915 passio
772 5853 815 5899 ost
827 5843 958 5906 Victoris,
971 5843 1068 5899 biassi·
1119 5844 1202 5914 ligato
1222 5843 1249 5897 in
1274 5856 1348 5896 mare
1372 5840 1499 5910 praecepit
1514 5855 1573 5895 eam
1585 5851 1719 5907 mergere,
1732 5836 1781 5893 seri
1796 5836 1904 5898 Donum

281 5934 376 5989 iieusis
391 5936 527 6007 episcopi,
540 5936 586 6006 qui
600 5937 649 5992 sub
661 5936 828 5992 Diocletiano
861 5943 889 5989 ιι
904 5933 1067 5990 liarimlaun
1120 5935 1220 5991 suriiio
1234 5932 1421 5987 indeliberata
1435 5941 1487 5988 cst.
1497 5931 1564 5987 Cum
1580 5939 1668 5985 ιιιιιι
1682 5937 1791 5999 propter
1800 5927 1903 6008 scelera

280 6025 489 6095 imperatoribus
508 6036 619 6099 propter
637 6028 717 6082 iidem
738 6027 838 6082 Cirristi
860 6041 908 6096 per
931 6024 1067 6080 Arterinru
1119 6039 1168 6081 sua
1184 6032 1261 6094 pater
1274 6020 1333 6090 ejus
1345 6023 1494 6078 exstinctus
1507 6028 1560 6083 est,
1575 6020 1610 6076 ab
1624 6018 1685 6074 aiiis
1696 6017 1841 6088 iudicibus,
1853 6018 1904 6074 iaoc
