4500 6842
248 637 305 693 157

806 629 958 689 ltosttttAE
980 632 1013 688 tn
1031 629 1157 687 stabo.
1178 629 1222 685 ET
1242 627 1351 686 EPlST.

1846 628 1900 689 {58

250 758 475 815 osdroenorum,
494 750 622 821 illumque
638 763 762 820 rogemus
778 757 808 802 ut
821 750 942 818 praebeat
964 748 1051 805 lucem
1066 752 1091 812 Α
1104 747 1222 804 invisere
1236 746 1400 819 sepulcnrm,
1425 746 1493 802 duas
1512 744 1629 802 fidelium
1650 744 1743 817 plebes
1761 738 1902 803 iudaicam

250 846 380 902 cordibus
390 841 501 906 nostris,
512 849 540 894 ut
555 838 781 909 quemadmodum
795 838 974 909 gaudentibus
989 853 1054 892 ocu-

250 937 288 991 lis
311 936 394 990 istum
409 929 580 1002 splendorem
597 929 727 983 laurinum
749 930 896 994 ceruimus,
927 929 962 984 ita
975 928 1054 998 buius

250 1027 343 1082 rroetis
368 1023 529 1094 praeclaram
546 1021 660 1092 gloriam
675 1020 827 1074 illuminata
849 1028 940 1075 mente
965 1020 1057 1074 videa-

250 1136 313 1173 mus
324 1118 467 1187 ipsumque
480 1120 658 1183 precemurut
669 1113 794 1167 exaudiat
808 1128 857 1167 atos
876 1112 1018 1183 vigilantes
1030 1112 1056 1167 in

250 1208 425 1261 solcnuritate
437 1219 485 1259 sua
500 1203 546 1273 qui
562 1201 693 1257 dormivit
715 1217 765 1271 pro
779 1202 864 1257 salute
879 1213 982 1256 nostra.
1013 1200 1058 1255 lli·

250 1299 368 1369 gilemus
386 1310 451 1365 crgo
475 1302 502 1348 et
519 1309 628 1348 oremus
652 1291 813 1357 lorinsecus,
840 1301 867 1347 ct
893 1293 1056 1347 intrinsecus

250 1375 325 1444 banc
350 1388 468 1458 vigiliam
488 1386 667 1440 celebremus.
704 1386 775 1439 Deus
794 1384 873 1439 nobis
891 1385 1010 1455 loquitur
1029 1385 1055 1437 in

250 1484 416 1539 ductionibus
436 1482 502 1546 suis,
526 1482 639 1536 Domino
657 1481 799 1551 loquamur
820 1482 846 1536 iu
861 1480 988 1551 precibus
1004 1497 1054 1536 no·

251 1579 329 1633 stris.
358 1575 387 1630 st
403 1575 510 1645 eloquia
522 1574 581 1642 ejus
598 1575 756 1630 obedienter
767 1576 920 1638 audiamus,
936 1575 963 1629 in
978 1575 1056 1631 nobis

251 1670 361 1724 babitat
378 1684 458 1738 quem
482 1683 620 1739 rogemus,
646 1668 689 1722 cui
710 1676 752 1723 est
771 1669 858 1723 honor
871 1677 898 1721 et
921 1668 1006 1738 gloria
1029 1667 1056 1722 in

250 1758 353 1813 secula
380 1756 551 1812 seculorum.
582 1756 680 1811 Amen.

555 1868 696 1926 lldltlbld
717 1871 749 1927 ll.

471 1955 537 1995 trust
554 1956 580 1995 m
596 1956 713 1997 stenaro
728 1956 838 1998 seuero.

308 2035 402 2090 Lectio
415 2034 500 2089 sancti
514 2033 650 2103 Evangelii
663 2035 811 2090 secuudum
827 2034 991 2089 liattlrmum.

1108 836 1213 892 scilicet
1227 845 1253 890 et
1268 835 1396 906 gentilem
1411 834 1639 916 designansque
1659 848 1713 888 uno
1728 842 1810 903 atque
1824 834 1904 892 indis·
1947 825 1950 831 ’

1108 930 1188 985 simili
1203 930 1292 984 studio
1314 928 1466 998 passionem
1487 919 1766 996 resurrectionemque
1788 927 1828 982 sui
1849 926 1903 982 lle-

1107 1021 1255 1090 demptoris
1268 1035 1428 1089 quacunque
1439 1018 1499 1087 ejus
1509 1018 1629 1074 Ecclesia
1642 1033 1691 1088 per
1703 1019 1796 1073 orbem
1807 1017 1904 1074 diffusa

1107 1122 1149 1167 est
1175 1110 1315 1168 celebrare
1328 1109 1494 1165 desiderant.
1521 1109 1596 1177 Quod
1612 1119 1703 1165 autem
1719 1118 1800 1165 terrm
1816 1116 1905 1164 motus

1108 1212 1267 1275 resurgente
1292 1202 1406 1258 llonrino
1433 1202 1613 1271 desepulcro,
1645 1202 1715 1256 sicut
1739 1202 1821 1257 etiam
1844 1218 1904 1258 rrro·

1108 1293 1194 1349 rierrte
1211 1293 1237 1347 in
1249 1308 1330 1348 cruce
1345 1291 1431 1347 lactus
1445 1301 1487 1348 est
1501 1308 1624 1362 magnus,
1645 1293 1779 1364 signifieat
1794 1303 1903 1349 terrena

1107 1385 1183 1454 prius
1203 1384 1284 1438 corda
1300 1393 1327 1438 et
1344 1383 1448 1438 coelesti
1462 1398 1510 1452 spe
1523 1380 1625 1450 dejecta
1649 1398 1695 1452 per
1711 1381 1789 1437 fideus
1801 1383 1905 1453 passio·

1107 1475 1151 1530 nis
1178 1492 1209 1529 ac
1223 1474 1434 1530 resurrectionis
1445 1473 1504 1543 ejus
1522 1472 1699 1527 concutienda
1724 1473 1756 1527 ad
1772 1473 1906 1542 preniten-

1108 1565 1173 1619 tiam
1200 1580 1233 1619 ac
1247 1564 1406 1618 saluberrim
1447 1577 1548 1634 pavore
1563 1572 1685 1632 permom
1702 1563 1734 1615 nd
1754 1563 1837 1617 vitam
1860 1579 1906 1619 su·

1107 1656 1270 1712 blimaudaru
1293 1662 1459 1726 perpetuam.
1489 1654 1565 1722 Quod
1581 1654 1692 1723 angelus
1710 1655 1829 1718 advenit,
1857 1656 1907 1711 ob·

1107 1749 1230 1819 sequium
1244 1764 1299 1803 suae
1309 1748 1445 1802 servitutis
1459 1748 1530 1817 quod
1544 1746 1658 1801 Domino
1673 1746 1905 1814 debuitessolrit3

1107 1840 1169 1909 quia
1190 1838 1262 1893 euim
1285 1837 1410 1892 Christus
1437 1836 1507 1891 licus
1532 1846 1557 1890 et
1582 1836 1663 1892 bomo
1683 1844 1734 1902 cst,
1763 1836 1907 1894 interdieta

1108 1930 1283 1985 lunnanitatis
1295 1930 1355 2000 ejus
1370 1928 1479 1998 semper
1498 1927 1653 1997 angelorum
1672 1927 1821 1983 ministeria
1848 1928 1906 1985 lico

1107 2021 1198 2076 debita
1221 2036 1274 2074 nan
1289 2021 1396 2082 desust,
1418 2018 1488 2072 sicut
1507 2017 1634 2087 inquisita
1656 2018 1742 2073 sancti
1767 2018 1906 2090 Evangelii

291 2125 325 2180 In
340 2125 388 2179 illo
399 2135 523 2194 tempore,
542 2141 645 2195 vespere
664 2124 766 2179 sabbati
779 2142 838 2193 qum
848 2124 953 2179 lucescit
965 2126 992 2179 in
1002 2125 1059 2194 pri-
1073 2110 1097 2169 Β
1111 2110 1299 2180 copiosissime
1313 2109 1410 2179 probat
1424 2107 1545 2162 historia.
1575 2106 1699 2162 Reddidit
1720 2116 1811 2163 aulem
1836 2108 1906 2179 ldpl‘

251 2232 299 2270 srte
319 2216 433 2278 sublati,
451 2216 516 2269 uenit
532 2213 619 2268 lieris
643 2214 799 2284 Megdeieue
826 2215 950 2271 etaltera
971 2215 1060 2270 lieris

254 2307 343 2360 ridere
356 2304 515 2376 sepulerum,
537 2314 595 2360 etc.

291 2395 472 2461 eraerendum
485 2403 527 2449 est
540 2394 618 2450 nobis
628 2412 677 2450 cur
689 2403 794 2451 noctem
810 2396 958 2452 Dominicae
972 2412 1060 2452 resur-

255 2485 387 2539 rectionis
408 2484 570 2555 eraagelista
591 2485 749 2542 describens
768 2489 828 2541 ait:
852 2485 959 2557 Vespere
971 2499 1059 2542 eurem

255 2576 359 2630 sabboti
378 2592 437 2647 que
447 2575 551 2630 lucescit
566 2576 594 2630 iu
603 2577 689 2647 prime
701 2576 811 2642 sabboti,
835 2594 896 2633 curn
911 2587 1059 2636 consuetus

256 2666 324 2719 ordo
339 2676 493 2735 temporum
503 2666 601 2720 haireat
615 2681 754 2737 vesperam
769 2667 855 2736 magis
871 2669 1060 2725 tenebrescere

258 2755 285 2808 in
301 2763 408 2809 noctem
422 2770 501 2827 qoam
520 2756 547 2809 in
562 2756 633 2810 diem
649 2756 794 2811 lucescere.
820 2755 875 2812 Sed
891 2758 1005 2829 mystice
1019 2758 1059 2813 lo-

258 2862 345 2917 quens
359 2847 524 2917 evangelista
545 2856 676 2917 quantum
692 2847 832 2919 dignitatis
858 2850 916 2904 lraec
931 2851 1060 2905 saeratis-

260 2940 328 2993 sima
340 2953 395 2993 nox
407 2938 441 2993 de
454 2937 538 3008 gloria
551 2940 645 2994 evictae
656 2937 752 2993 mortis
763 2940 908 3009 acceperit,
920 2940 1058 2995 insinuare

262 3029 364 3083 studuit
384 3029 449 3083 dum
467 3028 525 3098 elus
537 3030 679 3083 exordium
698 3044 752 3098 quo
767 3028 870 3083 devotae
894 3028 1002 3085 Christo
1020 3027 1059 3085 le-

263 3122 343 3178 nrinae
366 3121 394 3175 in
409 3122 569 3190 obsequium
583 3121 657 3175 illius
679 3120 790 3191 vigilare
814 3121 956 3189 coeperint,
985 3120 1057 3176 iusc-

1110 2199 1183 2264 dern,
1197 2215 1250 2254 non
1266 2207 1296 2254 ut
1322 2213 1466 2268 egressuro
1480 2197 1595 2252 llonrino
1604 2195 1716 2265 januam
1731 2198 1842 2268 pandat,
1857 2198 1907 2257 setl

1111 2306 1236 2361 egressus
1249 2291 1307 2361 ejus
1322 2292 1377 2361 jam
1395 2291 1458 2344 sacti
1471 2289 1626 2345 bominibus
1640 2298 1749 2360 prestet
1759 2290 1902 2347 indicium.

1110 2382 1161 2450 Qui
1172 2383 1243 2437 enirn
1265 2380 1388 2436 mortalis
1402 2380 1489 2435 adbuc
1503 2379 1596 2434 clauso
1608 2380 1721 2450 virginis
1732 2388 1808 2436 utero
1819 2381 1907 2451 potuit

1111 2474 1247 2530 nascendo
1269 2473 1398 2527 mundum
1412 2470 1515 2542 ingredi
1551 2472 1607 2541 ipse
1628 2473 1730 2542 absque
1745 2472 1799 2529 ulla
1812 2472 1907 2529 dubie·

1111 2572 1166 2620 tate
1177 2563 1233 2632 jaer
1249 2562 1336 2618 lactus
1351 2561 1513 2617 immortalis
1535 2561 1628 2618 clauso
1638 2563 1701 2619 licet
1715 2564 1839 2636 sepulcro
1858 2581 1907 2636 po·

1110 2654 1163 2709 tuit
1175 2654 1340 2726 resurgendo
1353 2654 1428 2709 exire
1443 2654 1476 2708 dc
1492 2654 1602 2709 mundo.
1621 2652 1675 2709 Nec
1688 2658 1905 2725 praetereundum

1111 2760 1196 2817 quare
1211 2746 1288 2800 testis
1301 2744 1447 2799 bortriuicre
1461 2746 1667 2801 resurrectionis
1682 2746 1793 2818 angelus
1808 2749 1907 2805 sedens

1109 2836 1275 2907 opportuerit,
1288 2852 1348 2891 cum
1369 2836 1453 2905 isqui
1474 2835 1622 2891 nativitatis
1639 2835 1698 2906 ejus
1717 2838 1817 2893 mrrndo
1840 2855 1907 2911 gau-

1110 2930 1184 2985 dium
1195 2929 1407 3000 evangelizabat,
1432 2929 1510 3000 justa
1523 2937 1647 2999 pastores
1662 2931 1770 2987 stetisse
1781 2932 1905 3003 legatur:

1109 3029 1182 3078 stare
1196 3021 1293 3091 quippe
1304 3020 1447 3091 pugnantis
1464 3027 1517 3088 est,
1535 3022 1629 3077 sedere
1647 3023 1794 3094 regnantis.
1815 3023 1849 3079 Et
1863 3039 1908 3081 re·

1109 3124 1153 3172 cte
1166 3124 1240 3169 stans
1255 3113 1379 3183 apparuit
1392 3110 1504 3182 angelus
1523 3114 1569 3184 qui
1590 3114 1736 3170 adveutum
1751 3116 1857 3171 bomini
1876 3117 1905 3173 in

263 3213 454 3285 quentemjam
466 3213 535 3268 diem
548 3211 835 3281 lucescereperlribuit
850 3210 917 3266 Nam
930 3210 1059 3268 Dominus
1109 3210 1210 3263 rtruudo
1229 3207 1402 3277 praedicabat,
1431 3213 1460 3259 ut
1478 3206 1559 3260 etiam
1576 3207 1673 3264 stando
1699 3207 1819 3279 signaret
1843 3209 1907 3278 quia

265 3315 358 3362 auctor
372 3315 400 3360 et
413 3306 551 3360 ordinator
566 3314 726 3374 temporum,
748 3304 794 3373 qui
812 3303 837 3356 in
854 3302 949 3356 ultima
970 3303 1058 3359 noctis
1109 3300 1133 3353 is
1158 3312 1238 3367 quem
1251 3296 1415 3367 praedicebat
1441 3296 1474 3350 ad
1489 3295 1677 3352 debellandum
1695 3298 1788 3352 mundi
1803 3299 1907 3369 princi·

266 3399 341 3467 burins
357 3406 435 3468 p1.rte
454 3396 581 3459 surrexit,
608 3404 692 3449 toturn
707 3410 766 3449 eam
788 3394 915 3449 nimirum
938 3409 1058 3450 resurre·
1108 3405 1170 3459 pem
1182 3388 1296 3442 verriret.
1311 3386 1394 3442 lieete
1407 3402 1496 3457 proco
1510 3388 1717 3444 resurrectionis
1729 3386 1789 3457 ejus
1800 3389 1904 3447 sedisse

267 3487 360 3542 ationis
375 3486 462 3540 lucem
479 3484 600 3539 festivam
620 3485 735 3539 reddidit
752 3492 779 3538 et
791 3499 932 3539 coruscam
949 3502 956 3539 ε
971 3463 1093 3555 siqui·C
1110 3491 1286 3545 rtrerrroratnr,
1312 3487 1341 3535 ut
1363 3481 1445 3535 etiam
1470 3481 1589 3536 sedendo
1615 3481 1754 3553 figuraret,
1780 3494 1907 3556 superato

267 3579 323 3633 ibm
349 3577 385 3631 ab
398 3576 511 3631 exordio
530 3576 673 3629 mundanae
686 3574 832 3629 creationis
850 3574 1000 3644 usquehuc
1021 3574 1057 3629 ita
1109 3575 1204 3630 rnurtis
1218 3581 1337 3637 aucmre,
1360 3576 1451 3629 sedem
1466 3574 1541 3643 regui
1561 3572 1618 3643 jam
1632 3577 1822 3633 conscendisse
1844 3594 1907 3649 per·

268 3678 417 3737 temporum
445 3681 540 3720 corsus
565 3666 782 3735 distinguebatur
810 3673 841 3719 ut
868 3665 926 3720 dies
950 3675 1058 3721 noctem
1110 3667 1310 3737 pauidaque
1333 3667 1391 3736 ipse
1415 3668 1495 3735 paulo
1515 3678 1577 3740 post
1593 3668 1734 3741 discipulis
1756 3688 1902 3744 apparens,

268 3759 428 3827 presederet
446 3757 522 3828 justa
536 3756 658 3811 ordinem
678 3754 803 3810 videlieet
816 3755 911 3827 primae
924 3757 1059 3812 conditio·
1109 3760 1147 3812 ait
1161 3774 1168 3812 :
1186 3758 1253 3811 bara
1264 3768 1300 3813 est
1313 3757 1377 3810 mibi
1390 3759 1472 3812 omnis
1484 3769 1597 3830 potestas
1613 3761 1640 3815 iu
1655 3762 1718 3817 eoelo
1740 3773 1764 3817 et
1777 3766 1805 3819 in
1823 3773 1905 3823 terra.

269 3850 317 3915 uis,
335 3852 390 3904 bac
405 3859 495 3904 autem
509 3856 587 3902 nocte
608 3863 657 3918 per
671 3847 829 3918 arrystcrium
852 3848 1059 3904 resurrectionis
1111 3849 1143 3903 Et
1153 3848 1315 3916 evaugelista
1331 3846 1459 3903 Eareus:
1476 3850 1509 3905 lit
1523 3851 1650 3907 Dominus
1664 3855 1780 3925 quidem,
1805 3856 1905 3927 inquit,

269 3938 370 3994 beurim
387 3946 536 4009 temporum
546 3938 613 3992 ordo
624 3946 742 3992 mutatus
756 3945 808 3992 est.
823 3936 964 4007 Numquis
981 3948 1059 3994 noete
1109 3939 1197 4004 lesus,
1220 3948 1358 4009 postquam
1372 3938 1473 3993 locutus
1486 3950 1523 3994 est
1534 3943 1571 3996 eis
1590 3954 1740 4012 nssrtruptus
1753 3954 1790 3999 est
1815 3946 1842 4000 in
1855 3962 1906 4002 cte-

269 4032 581 4094 resunedtamormis,
602 4031 646 4084 die
659 4045 724 4085 vero
738 4038 866 4100 sequente
878 4030 998 4099 ejrrsdem
1013 4048 1058 4086 re·
1110 4029 1280 4083 turrretsedet
1298 4028 1426 4082 edeetris
1469 4030 1546 4094 bei,
1584 4030 1700 4087 Sedebat
1719 4042 1808 4089 autem
1824 4051 1906 4107 super

269 4122 443 4177 surrectionis
458 4120 581 4176 ellectum
607 4120 744 4190 discipulis
755 4122 881 4187 ostendit,
904 4136 935 4175 ac
949 4122 1059 4192 partici-
1110 4121 1224 4189 lapidem
1242 4120 1391 4175 revolutam
1414 4135 1468 4190 quo
1490 4122 1590 4177 ostium
1603 4126 1770 4180 monumenti
1795 4126 1905 4185 claude-

268 4218 328 4281 pato
352 4226 415 4265 cum
433 4211 473 4265 eis
493 4211 618 4265 convivio
642 4209 785 4265 verititem
800 4211 909 4265 virtutis
924 4226 980 4265 suae
1006 4212 1059 4265 mi·
1109 4214 1199 4279 batur,
1224 4222 1254 4267 ut
1270 4213 1388 4268 claustra
1403 4210 1551 4267 inferorum
1576 4230 1625 4269 sua
1647 4215 1832 4274 illumvirtute
1857 4219 1905 4276 tle-

268 4301 390 4355 raotibus
413 4300 493 4354 simul
515 4308 543 4354 et
560 4300 740 4370 garulemibus
754 4301 881 4364 astruxit,
909 4301 1059 4356 rectissime
1106 4303 1207 4373 jecisse
1232 4318 1419 4373 aesuperasse
1434 4304 1554 4368 doceret,
1570 4312 1808 4373 quatenusomnes
1834 4323 1903 4379 quos

268 4405 319 4443 nox
340 4389 386 4443 illa
406 4389 544 4458 sequentis
567 4388 619 4443 diei
642 4387 785 4457 corrjuucta
806 4397 849 4443 est
869 4389 933 4453 loci,
960 4402 992 4443 ae
1020 4388 1059 4443 sie
1110 4393 1148 4448 ibt
1163 4408 1226 4448 suos
1248 4393 1406 4459 invenisset,
1433 4393 1466 4446 ad
1482 4393 1599 4463 paradisi
1617 4393 1704 4450 lucem
1729 4398 1905 4470 requiemque

268 4492 417 4551 temporum
438 4482 504 4536 ordo
529 4488 647 4537 statutus
672 4490 703 4535 ut
716 4481 773 4536 dies
791 4489 896 4536 noctmn
918 4489 1057 4551 sequatur.
1110 4483 1274 4548 sublevaret,
1295 4482 1373 4551 jurata
1387 4482 1453 4537 illud
1472 4482 1681 4553 propheticum:
1702 4484 1852 4558 Tuqseqrte
1876 4490 1905 4545 in

268 4572 299 4625 Et
310 4572 421 4641 quidem
432 4571 571 4641 aptissime
589 4572 723 4640 quondam
737 4571 808 4625 diem
821 4572 982 4640 sequebatur
994 4587 1058 4636 nox,
1109 4575 1238 4644 sunguine
1255 4574 1401 4628 testamenti
1428 4575 1467 4627 tei
1488 4574 1604 4630 eduxisti
1627 4576 1725 4631 evinctos
1746 4578 1779 4633 de
1798 4578 1858 4634 lectt
1875 4583 1905 4635 ist

266 4662 329 4733 quia
340 4664 421 4716 homo
435 4677 450 4715 a
462 4662 522 4717 luce
536 4663 654 4730 paradisi
672 4662 807 4731 peccando
822 4661 922 4730 lapsus,
943 4661 1059 4730 inhujus
1109 4682 1159 4736 qam
1171 4682 1223 4718 nen
1240 4676 1276 4720 est
1300 4683 1379 4736 eaquae.

265 4752 355 4806 seculi
369 4754 495 4807 tenebras
507 4767 695 4821 aerumnasque
707 4751 817 4805 decidit.
832 4750 977 4821 Aptissima
989 4768 1059 4806 irone
1148 4754 1213 4809 Erat
1246 4768 1366 4825 aspertus
1391 4756 1447 4826 ejus
1478 4757 1544 4810 sient
1569 4755 1668 4826 fulgur,
1704 4766 1727 4812 st
1751 4760 1905 4817 uestimenta

265 4843 324 4897 dies
339 4843 462 4911 sequitur
478 4850 582 4897 noctem
605 4842 711 4911 quando
724 4856 773 4910 per
786 4841 866 4895 lldenr
883 4843 1059 4897 resurrectio·
1073 4812 1098 4870 Β
1110 4846 1168 4915 ejus
1187 4846 1253 4898 sicat
1273 4848 1318 4900 nis
1334 4862 1340 4899 :
1355 4857 1385 4901 ut
1400 4848 1458 4916 ipso
1471 4862 1577 4916 quoque
1602 4847 1693 4903 babitu
1718 4865 1750 4905 ac
1764 4850 1839 4906 vultu
1867 4854 1905 4909 si-

264 4936 308 4988 nis
321 4951 337 4988 a
351 4936 454 5004 peccati
469 4935 585 4989 terrebris
598 4944 625 4987 et
638 4935 732 4988 utiabra
748 4935 843 4988 mortis
854 4935 887 4988 ad
897 4933 985 4989 lucem
997 4937 1059 4991 vitas
1110 4937 1261 5008 gnilicaret,
1277 4938 1340 5007 quia
1357 4939 1380 4990 is
1395 4939 1471 5009 eujus
1482 4938 1595 5010 gloriam
1610 4943 1818 4999 resurrectionis
1830 4962 1902 5001 nun-

262 5026 375 5080 tilrristo
399 5024 530 5095 largiente
562 5024 725 5078 reducimur.
755 5024 924 5094 Quapropter
948 5040 1059 5079 necesse
1110 5027 1204 5090 tiabat,
1228 5036 1255 5082 et
1268 5029 1397 5083 terribilis
1409 5030 1443 5085 ad
1456 5031 1640 5086 damnandum
1656 5035 1795 5103 reprobos,
1815 5036 1904 5093 etbe-

262 5126 317 5181 est,
331 5116 430 5172 iratres
443 5117 562 5187 benigni,
577 5125 605 5170 ut
619 5119 681 5186 quia
696 5126 801 5172 noctem
813 5119 883 5172 haue
895 5117 1057 5187 prmcipuam
1109 5120 1206 5188 uignus
1218 5128 1291 5174 esset
1314 5136 1346 5175 ac
1357 5122 1472 5177 blandus
1486 5123 1519 5177 ad
1534 5125 1727 5182 consolandum
1740 5128 1850 5186 electos.
1874 5132 1903 5189 lu

260 5207 352 5276 gratia
371 5206 517 5261 bominicae
539 5209 746 5261 resurrectionis
768 5208 928 5262 illustratam
955 5223 1056 5279 cogno·
1108 5209 1215 5281 fulgure
1228 5213 1300 5266 enim
1315 5222 1402 5268 terror
1425 5216 1541 5282 timoris,
1565 5218 1592 5273 in
1607 5220 1772 5278 uiveautem
1799 5225 1904 5281 blandi-

269 5296 364 5360 vinms‚
381 5297 431 5365 ipsi
446 5312 552 5366 quoque
566 5312 692 5352 curemus
702 5297 816 5352 sollicite
843 5307 873 5352 ut
887 5313 1057 5370 nequaquam
1110 5311 1231 5355 nieutum
1245 5305 1372 5359 candoris
1385 5309 1563 5378 exprimitur;
1582 5310 1609 5364 in
1622 5310 1700 5380 cujus
1714 5314 1844 5371 indicium
1859 5318 1903 5374 tli-

267 5387 325 5453 ejns
339 5388 472 5459 particula
490 5399 583 5443 nostre
598 5390 625 5442 in
640 5391 721 5444 corde
739 5391 917 5452 tenebrescat,
940 5389 986 5445 sed
1002 5399 1057 5445 tota
1108 5391 1178 5444 vinae
1193 5391 1362 5449 discretionis
1390 5397 1447 5465 ipse
1465 5412 1573 5467 quoque
1596 5401 1708 5471 angelus
1730 5414 1852 5475 apparet,
1874 5417 1905 5465 et

270 5480 385 5536 lacescat
407 5481 434 5535 in
455 5481 535 5536 diem.
556 5482 589 5536 Et
610 5498 681 5537 nunc
704 5482 828 5537 videlicet
849 5482 927 5536 nobis
954 5482 1058 5552 vigilias
1108 5483 1234 5536 custodes
1248 5485 1363 5553 sepulcri
1382 5487 1479 5556 impios
1495 5490 1591 5546 timore
1609 5503 1753 5561 perterret,
1778 5512 1811 5552 ac
1828 5513 1901 5553 mor·

268 5572 347 5639 digua
361 5571 503 5627 devotione
517 5571 604 5626 laudis
617 5574 768 5642 agentibus,
789 5572 929 5641 completis
951 5588 1057 5641 quoque
1109 5582 1216 5627 tuorum
1227 5575 1314 5630 instar
1326 5585 1405 5632 terrm
1421 5583 1577 5649 prosternit,
1601 5590 1629 5639 et
1645 5586 1809 5644 visitatrices
1829 5590 1903 5659 ejus·

269 5662 376 5731 vigiliis,
398 5663 488 5717 sobria
514 5678 547 5718 ac
562 5679 630 5735 pura
655 5666 819 5720 conscientia
843 5664 977 5719 Dominiei
1003 5664 1057 5720 diei
1110 5662 1170 5716 dem
1185 5664 1300 5734 sepulcri
1320 5669 1456 5737 piissimas
1474 5672 1589 5743 benigna
1603 5677 1787 5735 consolatione
1799 5678 1904 5739 relevet

268 5749 404 5815 paschalia
422 5750 491 5805 leste
514 5751 690 5807 celebremus.
1110 5768 1143 5807 ac
1165 5770 1200 5809 ne
1222 5767 1337 5826 paveant
1360 5761 1505 5817 consonat.
1531 5764 1643 5837 insuper
1665 5770 1747 5824 etiam
1775 5769 1901 5833 larariliari

314 5838 393 5907 lesu,
408 5843 505 5911 inquit,
517 5842 605 5897 llerie
617 5842 771 5914 llngdalene
789 5845 907 5899 etaltera
920 5846 1007 5902 llario
1020 5848 1058 5902 si-
1110 5847 1192 5902 aisatu
1205 5852 1281 5919 prior
1296 5855 1353 5924 ipse
1367 5858 1430 5926 quia
1443 5858 1527 5913 sciret
1540 5858 1633 5916 lesum
1646 5877 1768 5933 quaerere
1783 5865 1859 5933 (licit,
1875 5879 1904 5928 et

273 5928 330 5983 :lere
339 5935 494 6003 sepulcrum.
506 5933 571 5987 lluae
584 5934 662 5988 unius
673 5935 789 5990 nominis
802 5938 1057 6006 ejusdemqueamo·
1077 5933 1083 5942 '
1110 5938 1172 6005 quia
1185 5940 1240 6007 jam
1256 5946 1374 6000 surrevit
1388 5946 1471 6012 addit,
1489 5963 1550 6004 mox
1562 5952 1644 6008 etiam
1852 5958 1904 6018 flers

280 6036 314 6072 rs
329 6041 358 6080 ac
369 6025 518 6081 denotionis
533 6024 649 6089 ferarium,
671 6042 730 6096 qum
743 6026 909 6081 Dominicmn
924 6038 1055 6083 rrsrrerunt
1110 6044 1143 6084 ae
1153 6028 1290 6090 letissimo
1299 6036 1420 6093 subditas
1433 6039 1620 6115 arrisisteriogr·

449 6119 586 6179 Parnon.
606 6118 672 6178 CX.
