4500 6842
244 645 300 703 tas
800 647 951 705 llOillLlAE
972 648 1004 705 tlt
1025 650 1341 711 [transmearat.
1838 669 1890 726 tat

240 758 321 831 pejor
342 755 461 811 adusto
480 754 522 825 fit.
547 755 639 828 Neque
660 758 767 813 mdturtt'
788 761 876 815 uinum
897 777 992 815 nouom
1018 762 1046 815 in
1059 767 1085 825 Α
1098 761 1158 817 sine
1172 762 1225 819 litte
1239 768 1336 834 gaudia
1351 783 1380 822 se
1400 780 1509 838 speram
1523 773 1658 842 accipere,
1673 784 1701 831 et
1716 776 1743 831 in
1757 786 1889 836 atomum

242 860 318 905 ratres
336 859 452 915 seimus,
470 847 587 917 alioquin
602 861 756 921 rumpentur
772 862 842 906 utres
859 862 882 906 et
901 853 989 906 virtum
1004 852 1042 921 es-

241 938 383 1009 sentiatur,
400 949 425 992 et
441 949 513 993 tttres
527 939 658 1009 peribant.
676 938 728 995 Sed
740 943 767 996 in
780 952 849 996 tttrcs
863 943 1042 996 nocturninum

241 1046 341 1084 nomm
354 1031 461 1083 mittunt
475 1040 500 1083 et
515 1028 590 1083 ontio
601 1041 798 1085 conservamur.
816 1030 893 1099 Quod
904 1032 978 1098 dicit,
991 1033 1043 1088 lroc

241 1128 287 1175 est
301 1133 310 1172 ι
324 1119 415 1173 donec
426 1119 488 1187 quis
502 1128 612 1174 mustus
626 1118 718 1185 luerit,
732 1130 759 1175 et
774 1123 859 1177 veteri
871 1124 981 1178 bomine
992 1124 1040 1178 de-

241 1209 336 1279 posito
350 1223 400 1277 per
413 1209 569 1278 passionem
584 1225 674 1264 meam
688 1226 787 1265 novttm
801 1212 937 1267 bominem
949 1214 1042 1267 iudue-

243 1300 290 1365 rit,
305 1315 361 1353 non
376 1307 466 1369 potest
477 1299 614 1354 severiora
625 1298 721 1369 jejunii
736 1309 763 1356 et
776 1304 947 1358 continentiae
961 1305 1042 1358 susti-

240 1405 309 1445 nere
331 1397 480 1459 precepta,
504 1405 539 1445 ne
558 1405 606 1460 per
626 1393 813 1448 austeritatem
834 1394 944 1448 nimiam
959 1397 1040 1449 etiam

240 1478 438 1534 eredulitatem
457 1495 538 1550 quam
566 1496 640 1535 nunc
664 1483 765 1538 babere
794 1486 900 1540 vitietur
923 1488 1039 1542 anrittat.

241 1570 302 1624 Duo
313 1578 408 1625 autem
421 1570 543 1640 exempla
557 1572 657 1641 posuit,
672 1573 825 1629 vestimenti
838 1584 865 1630 et
882 1577 983 1631 utrium
997 1594 1041 1633 ve·

241 1667 334 1713 terum
367 1665 397 1713 et
420 1674 568 1726 novorum;
599 1670 706 1718 veteres
734 1664 864 1720 debemus
891 1668 1041 1740 intelligere

239 1749 353 1804 scribas
378 1757 409 1803 et
431 1750 598 1814 Pharisaeos3
623 1751 730 1822 plagula
754 1756 907 1811 vestimenti
930 1761 993 1813 novi
1013 1769 1041 1815 et

239 1838 336 1891 sinum
354 1853 452 1892 notum
467 1849 600 1908 praecepta
615 1842 770 1910 evatrtgeliea
785 1845 897 1911 sentire,
912 1863 972 1917 quae
987 1865 1040 1902 non

240 1935 361 1997 possunt
375 1927 512 1983 sustinere
525 1927 611 1984 iudai
623 1947 657 1985 ne
672 1931 759 2000 rrtajor
772 1933 891 1988 scissura
903 1936 958 1990 irat.
976 1935 1040 1994 Tale

240 2016 308 2085 quid
328 2025 359 2070 et
373 2015 478 2073 Galatae
499 2017 590 2073 lacere
604 2020 759 2090 cupiebant,
774 2031 804 2077 ut
816 2039 877 2079 curn
894 2025 1040 2096 Evangelio

240 2117 380 2177 praecepta
399 2107 468 2179 legis
487 2108 652 2175 miscerent,
678 2120 705 2167 ct
728 2114 754 2167 in
778 2116 883 2172 utribus
905 2121 1040 2175 veteribus

241 2200 387 2255 mitterent
409 2201 506 2255 riuum
526 2218 636 2257 novum.
659 2203 712 2258 Sed
726 2205 872 2275 Apostolus
890 2209 924 2264 ad
943 2226 991 2266 eos
1003 2211 1035 2266 lo·

240 2294 337 2364 quitur
353 2312 359 2346 :
376 2292 399 2349 0
413 2294 537 2348 immoti
556 2290 677 2349 Galate!
690 2297 749 2367 quis
763 2315 806 2352 uos
822 2300 960 2368 [aroinoot't
973 2304 1041 2356 oeri-

240 2390 291 2442 toti
303 2403 358 2441 non
369 2386 473 2440 obedire
484 2385 498 2438 i
510 2385 608 2441 δειιιιο
619 2384 703 2453 igitur
714 2385 888 2454 erattgelicus
900 2387 1033 2456 apostulis

243 2482 338 2552 potius
355 2494 437 2548 quarn
457 2478 557 2533 scribis
571 2487 599 2533 et
614 2477 759 2533 Pisarisaeis
781 2488 824 2532 cst
836 2479 1032 2549 injungendus,

242 2572 292 2642 qni
312 2571 452 2639 majorum
473 2569 666 2625 traditionibus
689 2571 828 2640 depratati
846 2572 1032 2627 sinceritatem

242 2674 448 2732 praeceptorum
464 2661 565 2718 Christi
591 2680 644 2718 non
662 2672 790 2734 poterant
807 2666 955 2720 custodire.
973 2666 1033 2721 Alia

243 2767 283 2811 est
292 2756 373 2809 enirn
386 2756 492 2821 puritas
501 2756 641 2825 virginalis
652 2756 784 2811 aninneet
796 2759 869 2812 nulia
882 2759 981 2829 prioris·
994 2760 1036 2814 vi·

242 2848 273 2900 tii
281 2849 451 2920 contagiose
458 2848 578 2915 pollutae,
587 2859 614 2903 et
623 2850 682 2904 aliae
692 2850 789 2905 sordes
798 2852 926 2922 ejusquae
934 2852 1034 2906 tnuito-

241 2947 302 2988 rurn
321 2934 429 2990 libidini
448 2935 621 3006 subjacuerit.
636 2937 715 2995 Unde
733 2955 845 2997 necesse
864 2950 908 2997 est
922 2951 952 2997 ut
966 2944 1043 3013 prius

243 3023 278 3078 ab
289 3039 347 3079 uuo
359 3040 468 3096 quoque
480 3027 626 3084 abluantur
639 3030 733 3086 sordes
744 3033 870 3086 vitiorum
883 3041 911 3089 et
921 3042 1042 3089 vetustas

243 3116 350 3184 peceati
367 3132 418 3187 per
433 3119 621 3188 poeuitcntiam
637 3133 813 3195 expurgetur,
832 3132 861 3180 et
880 3126 919 3180 sic
935 3127 1041 3181 Domini

241 3205 397 3275 opitulante
417 3210 506 3279 gratia
522 3212 653 3267 virtutum
674 3214 789 3269 seientia
807 3225 834 3270 et
850 3217 978 3287 spiritalis
994 3218 1042 3273 do-

244 3300 344 3354 ctrinae
359 3300 472 3356 Citristo
490 3301 621 3371 largiente
635 3305 802 3370 conletatur,
819 3309 865 3377 qui
878 3309 945 3361 visit
957 3318 984 3363 ct
1000 3325 1038 3364 rc

243 3397 308 3458 goat
323 3404 386 3444 curu
404 3390 459 3445 Deo
476 3390 557 3447 Patre
576 3393 602 3447 in
622 3395 725 3448 unitate
737 3394 855 3464 Spiritus
872 3401 970 3464 saneti,
993 3412 1041 3467 per

244 3481 335 3535 omnia
350 3481 452 3537 secula
466 3481 635 3538 saeculorum.
654 3485 750 3540 Amen.

506 3592 647 3649 llotlttm
667 3594 772 3651 xxvii.

378 3698 506 3738 noststct
525 3698 545 3737 n
564 3700 630 3739 rosr
650 3700 775 3740 ocrvnnu
796 3702 911 3741 pascue.

396 3774 490 3829 Lectio
500 3775 626 3845 Epistola
640 3775 670 3829 Β.
684 3775 756 3830 Petri
768 3777 892 3847 apostoli.

276 3866 452 3934 citatissimi,
472 3867 577 3921 obsecro
591 3883 633 3922 aus
652 3877 778 3939 tamqnam
790 3867 904 3922 tttloertus
924 3880 948 3922 et
967 3887 1040 3939 pere·

243 3959 411 4027 quinoqetc.

276 4050 397 4105 barenas
420 4050 516 4106 latine
546 4051 674 4106 dicuntur
694 4054 823 4123 proselyti
850 4070 903 4123 quo
931 4056 1039 4111 ttotnine

244 4142 415 4214 appellabant
425 4141 509 4198 Judaei
523 4144 630 4213 eosqui
648 4144 681 4199 de
695 4144 819 4214 gentibus
834 4147 889 4199 irati
902 4146 928 4199 in
944 4146 1038 4209 ileum,

244 4233 355 4287 eredere
368 4241 397 4287 et
407 4234 615 4290 circumcisione
627 4245 737 4303 accepta
751 4231 864 4289 ludaico
875 4252 950 4289 rurore
961 4235 1039 4303 juxta

245 4320 290 4377 liei
311 4322 401 4394 legem
414 4323 496 4378 vitam
511 4324 611 4379 ducere
628 4324 782 4378 noluerunt.
805 4326 843 4378 lle
858 4342 972 4394 qnorum
987 4343 1038 4379 nu·

1093 868 1208 924 regnare
1231 871 1291 936 cunt
1311 858 1429 914 Christo.
1451 861 1486 915 At
1507 879 1572 918 vero
1593 868 1700 935 reprobi
1721 869 1766 924 liic
1789 869 1891 926 habent

1093 950 1218 1018 patriam,
1233 950 1310 1019 cujus
1321 955 1406 1008 solum
1422 957 1482 1011 vitae
1495 958 1637 1013 desideriis
1651 970 1751 1016 trorunl
1774 964 1888 1021 initiare.

1093 1040 1208 1112 ideoque
1223 1053 1284 1115 post
1296 1045 1367 1101 lrarte
1378 1049 1460 1101 sitam
1478 1050 1503 1102 iu
1522 1051 1646 1105 exsilium
1662 1053 1818 1124 relegantur
1828 1071 1890 1125 per·

1093 1142 1215 1201 potuum,
1242 1135 1285 1190 tibi
1309 1139 1413 1192 cunetis
1428 1151 1552 1195 carentes
1572 1144 1765 1212 voluptatibus,
1782 1149 1838 1202 sola
1859 1150 1887 1205 itt

1094 1223 1237 1277 torttteutis
1251 1224 1389 1293 patiantur
1407 1229 1530 1281 universa.

1128 1311 1358 1370 Corruersotionent
1378 1329 1490 1371 uestram
1510 1321 1579 1374 inter
1598 1333 1685 1391 gentes
1701 1325 1824 1383 lenientes
1843 1310 1889 1384 io·

1093 1420 1173 1465 nont,
1191 1413 1218 1455 nt
1232 1406 1258 1457 in
1273 1422 1303 1459 eo
1323 1409 1393 1476 quoti
1414 1408 1558 1464 detrectant
1570 1413 1602 1465 tle
1615 1415 1685 1468 uobis
1708 1425 1833 1485 tuaquom
1854 1420 1887 1473 tte

1093 1491 1316 1562 rnulesuetorilrns,
1341 1514 1373 1550 es
1388 1499 1462 1552 bonis
1482 1501 1602 1569 operibns
1624 1517 1671 1558 tros
1691 1508 1887 1563 considerantes

1092 1581 1236 1651 glorificent
1249 1585 1332 1639 Derim
1343 1588 1369 1641 in
1384 1588 1426 1641 die
1444 1591 1609 1646 visitationis.
1624 1593 1787 1664 Plerumque
1801 1599 1890 1654 cottti·

1092 1672 1131 1741 git
1145 1682 1174 1726 ut
1185 1676 1284 1743 pagani
1305 1679 1350 1746 qni
1368 1678 1446 1733 iidem
1466 1679 1683 1739 Cinistianorntn
1696 1688 1887 1758 vituperabant

1092 1776 1177 1829 quare
1189 1765 1254 1818 deos
1267 1781 1331 1821 suos
1345 1769 1565 1838 dereliquissent,
1583 1779 1753 1844 postmodum
1766 1783 1890 1836 conside·

1093 1865 1186 1909 rantes
1198 1868 1300 1912 castam
1312 1875 1406 1916 eorum
1426 1867 1661 1924 conversationem
1678 1880 1706 1926 et
1719 1873 1848 1928 invictum
1862 1876 1888 1928 in

1092 1946 1201 2004 Citrislo
1216 1952 1347 2016 animum,
1365 1967 1503 2011 cessarent
1523 1960 1564 2015 eis
1576 1963 1731 2028 timrahere,
1747 1968 1886 2038 magisque

1094 2039 1178 2094 bearn
1199 2043 1352 2111 gioriiieare
1364 2062 1395 2101 ac
1410 2047 1520 2105 laniare
1541 2051 1692 2121 inciperent
1706 2056 1751 2123 qni
1765 2057 1887 2112 bonitate

1054 2121 1124 2185 Bac
1141 2129 1244 2196 justitia
1267 2135 1400 2191 cultorum
1420 2154 1529 2197 suorum
1548 2142 1635 2199 bonus
1649 2160 1709 2201 esse
1724 2148 1885 2217 probaretur

1094 2224 1234 2292 etjustus.

1130 2311 1292 2386 Glorificeni,
1321 2320 1417 2389 inquit,
1440 2322 1523 2377 Deum
1541 2325 1567 2379 in
1585 2325 1627 2379 die
1643 2328 1808 2392 visitationis,
1831 2330 1884 2385 hoc

1093 2419 1147 2475 cst,
1163 2411 1189 2465 in
1206 2421 1325 2481 tempore
1340 2416 1533 2472 retributionis.
1549 2417 1655 2485 Quanta
1666 2420 1742 2475 vobis
1755 2422 1790 2475 sit
1802 2422 1888 2492 gloria

1093 2518 1143 2573 per
1159 2502 1242 2556 ὓθιιιιι
1267 2504 1391 2559 donanda
1407 2505 1464 2575 jam
1487 2523 1559 2563 nunc
1576 2520 1727 2579 agnuscant
1744 2512 1887 2581 increduli,

1093 2609 1155 2648 cum
1170 2609 1218 2648 vos
1231 2594 1364 2649 instanter
1377 2612 1427 2665 per
1440 2599 1575 2652 obstantia
1586 2601 1705 2670 pericula
1722 2603 1796 2657 illurn
1811 2606 1888 2675 sequi

1092 2687 1291 2755 perspexerint.

1131 2774 1249 2845 satient
1276 2786 1357 2830 estote
1385 2779 1455 2831 omni
1483 2779 1605 2834 itnnrome
1631 2791 1760 2838 erecturos
1783 2795 1890 2856 propter

1093 2866 1187 2920 Deam.
1201 2865 1280 2921 Omni
1299 2867 1424 2923 liuntanae
1441 2878 1572 2925 creaturae
1595 2872 1660 2925 dicit
1672 2874 1745 2927 omni
1761 2874 1887 2945 dignitati

1093 2954 1242 3019 bominum,
1250 2956 1322 3011 omui
1334 2972 1467 3026 personne.
1479 2960 1551 3013 omni
1563 2961 1722 3030 principatui
1732 2964 1775 3017 cui
1784 2965 1831 3018 vo's
1844 2966 1887 3020 di·

1093 3045 1156 3100 viua
1168 3044 1307 3113 dispositio
1320 3047 1397 3100 subdi
1409 3047 1495 3101 voluer
1504 3048 1532 3101 it.
1546 3047 1654 3103 lioc'est
1666 3051 1738 3103 enim
1749 3051 1821 3120 quod
1835 3053 1885 3119 ait,

1092 3136 1302 3208 propterliettm,
1316 3138 1377 3207 quia
1392 3148 1493 3192 nonest
1506 3148 1619 3208 potestas
1633 3140 1683 3193 nisi
1696 3157 1711 3193 a
1724 3141 1790 3205 Deo,
1801 3152 1825 3196 et
1840 3144 1886 3207 qni

1091 3229 1213 3298 potestati
1228 3230 1334 3293 resistit,
1347 3228 1395 3283 liei
1409 3230 1571 3283 ordinationi
1585 3231 1691 3285 resistit.
1706 3230 1793 3298 Qunam
1807 3247 1882 3287 crea-

1093 3327 1181 3372 turam
1204 3318 1563 3390 subsequenteradjungens
1584 3321 1719 3390 exponit:
1744 3320 1805 3376 Sire
1819 3322 1886 3391 regi,

1092 3412 1168 3481 qnasi
1179 3410 1348 3479 procedenti,
1361 3413 1413 3464 siue
1427 3411 1548 3477 drtcilvns,
1564 3422 1689 3483 tanquam
1702 3414 1734 3466 ab
1748 3429 1778 3467 ea
1789 3414 1886 3470 missis.

1053 3484 1075 3545 C
1091 3499 1154 3554 idco
1176 3501 1230 3571 regi
1244 3509 1347 3554 tautum
1363 3502 1531 3567 aedacibus,
1550 3518 1603 3556 non
1625 3512 1714 3558 autem
1728 3512 1756 3559 et
1769 3505 1886 3562 dominis

1090 3592 1167 3657 dicit,
1190 3594 1253 3663 qnia
1272 3593 1323 3647 boc
1348 3593 1374 3646 in
1393 3594 1451 3648 loco
1472 3593 1532 3649 illos
1549 3594 1704 3663 specialiter
1725 3604 1756 3649 ut
1777 3594 1884 3666 praelati

1090 3698 1184 3738 sunnis
1205 3684 1323 3747 instruit,
1339 3685 1383 3753 qui
1407 3691 1470 3738 suut
1485 3682 1586 3738 domini
1609 3699 1765 3751 servoruum
1793 3685 1888 3741 subsc·

1090 3782 1204 3843 quenter
1217 3788 1292 3838 vero,
1307 3782 1336 3827 et
1350 3788 1443 3828 servos
1460 3774 1596 3843 quomodo
1618 3775 1736 3830 dominis
1750 3774 1884 3831 famulen-

1091 3867 1285 3921 turadmonet.
1311 3868 1394 3922 lloeet
1417 3880 1481 3938 ergo
1508 3867 1600 3922 litleles
1623 3866 1738 3921 lanrulos
1761 3866 1887 3922 videlicet

1090 3960 1185 4015 aeterni
1209 3960 1280 4029 regis
1292 3960 1374 4013 etiam
1393 3960 1484 4013 mutrdi
1499 3958 1679 4028 potestatibus
1692 3958 1781 4021 subdi,
1797 3971 1831 4010 ne
1847 3957 1889 4012 vel

1091 4054 1118 4108 in
1132 4055 1184 4108 ltoe
1199 4053 1261 4108 lidei
1277 4061 1305 4108 et
1327 4053 1449 4122 religioni
1468 4053 1628 4106 Christianae
1641 4050 1805 4107 conditionis
1822 4049 1884 4120 jura

1091 4145 1244 4198 turbentur.
1259 4141 1326 4194 Nam
1340 4150 1367 4195 et
1384 4142 1419 4193 ita
1438 4148 1510 4194 recte
1524 4149 1612 4209 potest
1629 4139 1740 4209 intelligi
1756 4141 1828 4209 quod
1842 4140 1884 4196 di·

1090 4241 1164 4286 ctnm
1179 4239 1230 4296 est,
1244 4231 1315 4284 ontrri
1336 4229 1458 4283 ittrmuntr
1471 4240 1611 4296 creaturis,
1625 4239 1654 4286 ut
1673 4230 1842 4302 significetur
1855 4239 1883 4287 et

1092 4322 1215 4377 fidelibus
1230 4330 1258 4377 et
1272 4322 1419 4376 incredulis
1434 4338 1526 4377 return
1541 4322 1670 4379 dominis.

245 4427 319 4468 mero
334 4412 411 4469 luere
432 4413 542 4485 quidam
562 4430 656 4471 eorum
670 4416 715 4484 qni
732 4415 757 4470 in
773 4416 816 4469 die
831 4425 925 4470 saneto
944 4415 1041 4470 Pente·
1126 4414 1168 4467 Ad
1180 4414 1319 4468 uindictam
1336 4411 1545 4481 malefactorum,
1558 4412 1662 4468 laudern
1674 4414 1882 4470 ueroionornm.

245 4515 333 4562 costes
343 4521 400 4575 quo
410 4505 523 4575 apostoli
533 4504 663 4575 Spiritum
677 4514 801 4561 sanetum
813 4507 839 4560 in
855 4506 925 4576 ignis
937 4506 1040 4561 visione
1090 4503 1149 4558 Non
1164 4506 1235 4574 qumi
1256 4518 1351 4557 omnes
1371 4504 1417 4573 qni
1440 4519 1455 4557 a
1478 4503 1587 4574 regibus
1607 4505 1752 4559 mittuntur
1765 4505 1846 4559 duces
1857 4511 1886 4559 et

245 4605 440 4668 perceperunt,
458 4596 492 4651 ad
506 4596 727 4666 praedicationsm
745 4611 839 4650 corum
854 4596 963 4651 Christo
980 4610 1041 4650 eve·
1090 4595 1281 4650 malefactores
1295 4594 1392 4664 punire
1406 4604 1434 4649 et
1457 4595 1568 4649 laudare
1583 4596 1668 4650 bonos
1682 4596 1821 4659 noverint,
1837 4594 1886 4650 sed

246 4686 387 4752 didcrunt,
410 4686 518 4741 dicente
532 4685 674 4757 Scriptura
695 4686 767 4756 quod
780 4684 865 4740 iudaei
886 4701 992 4755 qnoque
1014 4696 1041 4740 et
1090 4702 1150 4755 quae
1164 4701 1224 4741 esse
1238 4687 1336 4741 debeat
1354 4687 1425 4741 actio
1439 4686 1501 4740 boni
1514 4686 1592 4740 ducis
1605 4685 1765 4754 simpliciter
1780 4691 1884 4750 narrat,

246 4773 373 4845 proselyti
387 4773 522 4829 adessem
538 4773 592 4830 Sed
610 4781 638 4829 et
653 4791 701 4830 nos
717 4776 740 4830 si
753 4774 888 4829 veraciter
899 4789 960 4829 cum
974 4774 1040 4828 Pro-
1090 4779 1142 4833 hoc
1156 4788 1207 4844 est,
1223 4788 1252 4832 ut
1264 4778 1334 4832 male
1348 4776 1479 4833 iacientes
1496 4783 1630 4839 coerceat,
1646 4783 1676 4828 ut
1690 4776 1758 4830 bene
1772 4783 1885 4845 agentes

247 4866 324 4934 pacta
349 4865 407 4920 ⁰0⁰
430 4865 520 4921 (libere
541 4879 693 4936 possumus·
718 4864 851 4929 Quoniam
873 4863 966 4919 incolit
990 4847 1077 4918 sttD
1090 4870 1317 4938 renruneret3qni
1331 4869 1438 4923 etiamsi
1453 4867 1551 4937 iniuste
1563 4868 1618 4939 agit
1629 4868 1650 4922 si
1664 4869 1750 4923 bonos
1764 4869 1884 4935 damnat,

246 4972 333 5011 smnus
343 4955 417 5026 md
428 4966 456 5010 te
468 4957 495 5011 in
510 4965 615 5011 territet
627 4958 756 5027 peregrini
770 4958 838 5010 sicot
852 4972 941 5010 omnes
952 4967 1038 5025 potres

248 5050 335 5114 rosan,
355 5048 391 5103 ad
402 5062 453 5103 nos
464 5063 571 5119 quoque
591 5048 724 5118 Epistulas
743 5048 813 5103 beati
836 5047 909 5102 Petri
925 5048 1040 5116 scriptas

248 5141 367 5206 endere,
379 5149 406 5194 et
419 5139 498 5209 quasi
511 5140 589 5194 uobis
600 5140 698 5194 missas
711 5139 800 5209 legere
816 5139 956 5193 debemus.

228 5275 232 5287 ,
279 5232 413 5286 distinete
422 5247 495 5286 resa
513 5230 665 5284 carnalibus
680 5229 829 5295 desideriis,
844 5246 904 5300 quoe
925 5228 1038 5283 militant

250 5325 368 5378 adsersus
383 5325 509 5378 unimam.
524 5323 592 5378 llum
603 5323 829 5392 cotteupiscentiis
839 5321 1038 5378 blandientibus

251 5429 308 5470 earo
329 5415 469 5469 enerviter
488 5411 658 5483 subjugatur,
678 5412 734 5481 iam
756 5413 884 5466 vitiorum
902 5411 1038 5466 exercitus

252 5506 358 5563 lrmiter
371 5508 504 5562 adsersus
518 5508 634 5561 animam
649 5514 780 5560 armatur.
799 5505 872 5572 Quos
884 5514 1039 5573 competen-

254 5598 412 5653 teradrenas
424 5604 505 5653 vocat
514 5605 542 5652 et
556 5598 721 5668 peregrinos,
734 5586 809 5650 ut'eo
822 5595 911 5649 minus
924 5593 1039 5649 terrenis

251 5690 325 5744 rebus
338 5690 458 5744 animaru
474 5697 646 5759 supponant,
662 5703 715 5758 qno
733 5702 763 5741 se
781 5686 895 5756 patriam
915 5685 942 5739 in
963 5684 1038 5740 coelis

252 5778 343 5838 babere
359 5782 542 5837 meminerint.
558 5780 680 5851 Namque
694 5780 747 5834 boc
764 5779 865 5833 distare
877 5778 903 5833 in
918 5778 1038 5832 haesita

251 5870 316 5925 inter
328 5871 432 5925 electos
446 5869 516 5923 solet
530 5878 558 5924 et
572 5868 712 5937 reprobos,
728 5868 799 5938 quod
811 5867 889 5922 electi
901 5867 1037 5937 peregrini

251 5973 315 6015 utine
328 5959 437 6015 exsules
454 5967 614 6029 exspectant
636 5958 739 6022 lttmra,
760 5965 889 6040 tantoque
902 5956 992 6010 minus
1010 5956 1037 6009 in

240 6054 367 6120 prasenti
383 6054 490 6124 gaudiis
504 6052 672 6109 delectantur
683 6052 814 6117 caducis,
833 6058 934 6121 quanto
947 6040 1041 6104 lutura

1091 4962 1266 5017 nihilominus
1290 4962 1323 5014 ad
1349 4960 1454 5014 laudem
1470 4973 1563 5014 eorum
1584 4960 1720 5029 pertinent
1734 4975 1795 5031 quae
1808 4959 1885 5027 iacit,

1091 5053 1113 5108 si
1129 5052 1264 5123 patienter
1283 5050 1341 5120 ejus
1356 5048 1475 5104 stultitiae
1490 5050 1630 5105 resistunt.
1646 5046 1724 5106 Unde
1740 5058 1768 5106 et
1785 5050 1885 5109 Paulus

1091 5143 1177 5198 dicit:
1198 5143 1254 5208 Vis,
1271 5141 1368 5211 inquit,
1381 5157 1433 5195 aon
1445 5142 1536 5196 timere
1553 5136 1828 5213 potestatemltonom
1842 5144 1886 5213 far

1089 5243 1113 5289 et
1125 5233 1231 5288 babebis
1243 5232 1348 5286 laudem
1361 5250 1394 5287 ea
1405 5231 1462 5287 tito.
1475 5231 1534 5288 Non
1546 5233 1611 5289 dicit
1622 5233 1656 5288 ab
1664 5232 1719 5298 illa,
1729 5233 1775 5289 sed
1787 5234 1884 5301 exilio,

1092 5325 1155 5394 quia
1171 5324 1223 5379 etsi
1240 5332 1361 5393 potestas
1379 5332 1405 5378 te
1429 5325 1564 5379 mundana
1590 5340 1642 5382 non
1662 5325 1772 5389 iaudat,
1792 5325 1846 5381 imo
1861 5325 1885 5381 si

1091 5416 1172 5469 etiam
1193 5417 1379 5486 persequitur,
1395 5416 1418 5470 si
1437 5416 1536 5472 occidit
1557 5415 1646 5487 gladio
1667 5424 1697 5469 ut
1715 5416 1828 5471 Paulum
1841 5457 1849 5482 ,
1862 5416 1886 5472 si

1091 5504 1226 5575 crucifigit
1239 5514 1269 5559 ut
1281 5504 1402 5569 Petrum,
1418 5506 1530 5561 habebis
1542 5521 1574 5561 ex
1589 5504 1632 5559 illa
1647 5505 1765 5572 laudem,
1778 5507 1840 5561 dum
1851 5520 1885 5560 ex

1091 5597 1205 5667 eoquod
1221 5597 1264 5651 illa
1282 5596 1419 5653 malefacit
1433 5598 1460 5651 in
1476 5605 1502 5653 te
1512 5596 1615 5666 justum
1628 5605 1656 5653 et
1669 5598 1821 5661 innoxium,
1832 5604 1887 5651 tuac

1090 5687 1199 5743 virtutis
1215 5687 1346 5758 patientia
1363 5702 1491 5743 coronam
1509 5687 1596 5742 laudis
1620 5695 1749 5742 meretur.
1771 5683 1839 5739 Nam
1857 5690 1887 5739 et

1091 5778 1144 5833 boo
1155 5778 1303 5833 intendisse
1315 5777 1541 5833 beatum-Petrum
1554 5777 1581 5831 iu
1595 5777 1647 5831 hac
1659 5774 1792 5830 sententia
1801 5771 1885 5826 verba

1090 5868 1231 5937 sequentia
1248 5867 1346 5922 docent
1360 5868 1459 5939 quibus
1471 5868 1572 5923 dicitur
1587 5886 1594 5922 t

1128 5958 1197 6023 Qaiu
1204 5960 1284 6012 sitast
1292 5957 1413 6014 uolontas
1423 5958 1471 6012 liei
1477 5968 1504 6013 ιιι
1513 5958 1701 6027 benefacientes
1712 5953 1887 6009 obmutescere

1091 6049 1198 6118 [amotis
1208 6049 1411 6120 impendentium
1424 6051 1559 6106 bominum
1572 6047 1757 6122 ignorantiam.
1770 6044 1833 6102 lissa
1844 6054 1886 6101 est
1919 6033 2064 6113 Α
