4500 6842
302 621 362 683 815
836 626 990 688 ttutttttm
1010 627 1045 687 lll
1063 625 1191 686 uitas.
1211 627 1256 687 ET
1275 629 1385 688 uutsr.
1441 661 1451 678 ·
1882 632 1935 689 stt

304 736 595 796 sedlsneoetlamodo
606 724 734 794 laxantur
747 739 775 794 io
790 746 940 808 capturam,
956 736 1098 795 modolota
1113 743 1138 821 rt
1151 737 1243 793 saeeull
1257 748 1372 796 crescet.
1394 737 1448 795 Sed
1466 739 1538 811 qood
1560 739 1676 811 implete
1694 748 1862 810 merguntur.
1884 745 1938 801 boc

304 827 452 900 plicantur,
460 828 523 897 quia
534 842 587 881 noo
598 840 678 882 omne
689 834 795 897 tempus
805 834 845 882 est
855 827 943 883 babile
954 827 1094 892 doctrinae,
1146 827 1232 895 est,in
1248 829 1459 884 submersionem
1474 830 1800 898 prentuntor,nonenim
1815 832 1939 889 submer-
1984 839 2012 888 S

304 921 356 977 sed
370 934 442 975 nunc
452 920 602 975 exercenda
612 918 701 990 lingua
712 918 827 986 docturi,
842 935 912 975 rtuuc
923 921 1021 976 suimet
1031 936 1097 975 cura
1146 931 1193 983 su,
1204 920 1250 974 scd
1266 929 1329 973 sunt
1343 920 1508 990 periclitata,
1523 920 1669 989 Apostolus
1692 922 1804 991 exponit
1824 923 1936 979 dicens:

304 1008 439 1079 gerenda.
471 1007 478 1016 ’
1147 1007 1181 1063 ln
1192 1009 1336 1063 novissimis
1347 1009 1437 1064 dicim
1447 1020 1523 1064 erent
1531 1019 1647 1080 temporo
1658 1011 1814 1081 periculoso,
1824 1022 1848 1067 et
1859 1024 1936 1068 erunt

343 1097 492 1152 decendens
506 1105 592 1151 nutem
603 1097 632 1152 in
647 1112 728 1151 snam
744 1098 848 1160 renum,
861 1114 920 1168 qaroe
936 1108 993 1152 erut
1007 1096 1096 1153 Simo·
1146 1095 1263 1150 domines
1274 1098 1373 1165 seipsos
1387 1107 1516 1163 amantes,
1529 1106 1582 1153 etc.
1595 1099 1663 1153 Nam
1682 1102 1767 1170 mergi
1786 1102 1876 1164 nasis,
1896 1111 1939 1157 est

304 1188 359 1252 nis,
385 1188 486 1257 reponit
508 1203 568 1241 enm
591 1203 608 1240 a
630 1196 701 1240 terro
717 1188 839 1241 reducere
854 1188 993 1258 pusillum.
1009 1188 1043 1243 Et
1056 1206 1096 1243 se·
1146 1188 1306 1242 bominesiu
1320 1186 1448 1243 saeculum
1460 1202 1559 1258 usquo
1572 1188 1635 1243 elati
1658 1205 1707 1259 per
1729 1192 1810 1245 lldem
1830 1191 1938 1246 lucrant

304 1278 371 1332 dens
382 1277 492 1330 docetor
511 1276 544 1330 de
562 1274 682 1329 nanicula
702 1276 803 1330 turdos.
827 1276 907 1331 Nauis
921 1276 1039 1332 Simonis
1053 1286 1096 1333 est
1147 1292 1252 1330 ntorum
1265 1277 1399 1345 pravitate
1413 1276 1512 1340 relabi,
1529 1278 1608 1347 quate
1621 1287 1649 1333 et
1669 1279 1726 1348 ipse
1738 1281 1833 1336 Petrus
1846 1281 1936 1336 adhue

305 1367 429 1423 Ecclesia
444 1367 591 1436 primitiva,
603 1368 638 1421 de
648 1378 699 1436 qna
711 1367 812 1422 Patrius
826 1369 882 1422 ait:
896 1368 947 1434 Qui
957 1371 1025 1424 enim
1036 1386 1096 1440 ope·
1147 1367 1174 1422 in
1196 1368 1353 1424 inbrmitote
1377 1371 1479 1439 positus
1507 1372 1559 1426 boc
1580 1371 1640 1427 loco
1663 1371 1841 1426 demonstrat.
1858 1369 1935 1427 Unde

305 1469 381 1513 rotare
393 1469 431 1513 est
443 1456 524 1513 Petro
533 1459 562 1513 in
574 1458 721 1528 apostolnta
734 1459 956 1523 circumcisionis,
972 1471 1095 1529 operatus
1146 1460 1279 1529 sequitur.

304 1557 344 1603 est
356 1558 384 1602 et
395 1548 460 1602 mibi
470 1548 538 1602 inter
549 1557 647 1618 pentes,
659 1548 728 1603 bene
741 1564 794 1603 una
809 1549 893 1614 dicta,
903 1550 965 1621 quis
980 1550 1096 1605 multitu·
1181 1550 1258 1618 Quod
1271 1567 1331 1606 cum
1345 1552 1442 1606 rideret
1457 1552 1549 1606 Simon
1562 1548 1668 1616 Petrus,
1681 1552 1795 1623 procidit
1804 1551 1839 1605 od
1850 1568 1936 1622 penus

304 1636 375 1691 dinis
387 1636 549 1691 credentium
563 1645 619 1690 erut
629 1654 675 1691 sor
685 1647 799 1691 unumst
810 1639 899 1692 animo
913 1656 976 1693 una.
989 1641 1028 1695 lle
1040 1657 1093 1710 qua
1146 1643 1210 1698 ,lesu
1224 1682 1232 1709 ,
1254 1643 1343 1697 dicens
1356 1660 1365 1697 :
1379 1641 1431 1697 uxr
1448 1662 1465 1698 c
1479 1661 1535 1708 me,
1548 1646 1610 1715 quin
1625 1644 1702 1699 bomo
1721 1654 1842 1715 peccator
1859 1661 1935 1708 sum,

304 1728 536 1792 docebatturbas,
551 1728 663 1797 quiade
679 1730 839 1784 auctoritate
858 1730 986 1787 Ecclesiae
1011 1747 1096 1802 usque
1145 1731 1267 1787 Domine.
1288 1732 1355 1800 Quia
1379 1734 1504 1790 carnales
1523 1735 1624 1805 quiquo
1637 1735 1664 1788 iu
1681 1733 1800 1789 Ecclesia
1814 1735 1935 1805 regimen

306 1818 387 1873 hodie
402 1826 496 1889 gentes
510 1818 599 1873 docet.
1146 1825 1326 1895 spiritualium
1339 1826 1366 1879 in
1380 1825 1477 1894 quillus
1491 1826 1609 1879 maxime
1623 1822 1723 1879 Christi
1736 1838 1850 1894 persona
1867 1824 1935 1879 emi-

342 1908 376 1963 llt
389 1911 497 1963 cessarit
508 1919 593 1963 aetem
606 1909 687 1979 loqui,
699 1908 766 1963 dicit
778 1911 814 1965 ad
829 1910 963 1967 Simonem
977 1930 986 1967 :
999 1913 1058 1967 llus
1068 1915 1095 1967 in
1146 1925 1203 1984 net,
1215 1932 1230 1971 a
1242 1931 1272 1973 se
1283 1917 1482 1986 quodammodo
1497 1915 1638 1985 repellunt.
1654 1914 1713 1971 Non
1725 1916 1797 1970 enirn
1808 1916 1935 1971 bacrooe

307 2002 402 2067 ultam,
414 2010 438 2056 et
449 2000 536 2056 insum
547 2003 611 2056 retia
625 2011 709 2056 nestra
723 2004 749 2056 in
760 2013 906 2073 captarem.
918 2004 995 2071 Qurod
1009 2006 1096 2074 primo
1146 2006 1255 2079 liuguae,
1268 2008 1360 2063 dicunt
1373 2008 1451 2064 bonis
1463 2008 1595 2062 ministris
1608 2006 1656 2061 bet
1671 2015 1701 2062 ut
1713 2022 1762 2063 eos
1773 2022 1789 2060 a
1801 2020 1832 2061 se
1847 2006 1936 2077 repel-

307 2092 411 2161 rogavit
425 2090 562 2146 Simonem
577 2093 665 2146 navim
680 2107 695 2146 a
714 2102 786 2147 terra
805 2095 933 2149 reducere
951 2094 1091 2164 pusillum,
1106 2081 1132 2140 Β
1146 2098 1213 2165 laist,
1227 2100 1275 2154 sed
1288 2114 1355 2154 soce
1375 2114 1481 2154 morum
1496 2106 1525 2156 et
1538 2108 1647 2153 actuum
1665 2113 1774 2154 suorum
1792 2098 1934 2153 suadeuta

308 2184 441 2253 significat
458 2182 498 2238 vel
511 2191 659 2252 temperate
672 2186 799 2240 utendum
812 2186 894 2241 verbo
905 2186 938 2240 ad
951 2187 1054 2251 turbas,
1065 2197 1095 2242 ut
1146 2206 1176 2247 se
1189 2192 1287 2247 recedi.
1298 2191 1339 2245 Ne
1351 2205 1400 2260 per
1413 2189 1500 2247 bonos
1514 2200 1641 2262 regantur
1654 2199 1682 2246 ct
1698 2204 1731 2245 eo
1749 2190 1936 2245 vehementius

309 2289 355 2329 nec
370 2285 480 2331 terrena
494 2276 535 2330 eis
553 2276 753 2346 praecipiamur,
772 2292 822 2332 nec
841 2278 881 2333 sic
900 2293 916 2332 a
937 2281 1053 2335 terrenis
1066 2281 1093 2335 in
1145 2297 1200 2353 qno
1212 2281 1335 2338 steterant
1348 2283 1389 2337 eis
1403 2282 1536 2347 bonores,
1550 2289 1576 2336 et
1593 2289 1683 2335 tamen
1700 2278 1780 2335 lactis
1800 2279 1857 2333 suis
1873 2293 1889 2332 a
1905 2292 1935 2334 se

309 2364 439 2436 protunda
460 2375 691 2423 sacramentorum
712 2368 864 2435 recedatur,
884 2377 912 2424 ut
938 2385 969 2425 ea
989 2370 1095 2440 penitus
1146 2373 1275 2427 recedere
1287 2373 1443 2438 admonent,
1454 2380 1485 2426 ut
1498 2369 1731 2427 honorificentiam
1745 2384 1840 2425 sorum
1854 2367 1936 2439 signi·

310 2471 358 2511 oso
372 2456 534 2527 intelligant,
547 2456 590 2512 sel
599 2458 676 2528 prius
688 2458 715 2512 io
726 2459 857 2528 proximis
867 2459 1021 2530 regionibus
1031 2475 1096 2530 gen·
1145 2460 1269 2516 licaveris
1293 2462 1390 2517 Petrus
1421 2460 1521 2517 cadens
1544 2460 1578 2515 ad
1601 2460 1684 2528 pedes
1705 2456 1822 2513 Domini.
1846 2454 1935 2512 liores

310 2545 377 2600 tibos
387 2546 598 2616 predicandum,
619 2554 650 2602 ut
667 2548 713 2618 qui
733 2549 800 2603 dicit
816 2549 880 2604 item
892 2549 988 2614 Petro,
1003 2551 1096 2605 dacin
1146 2561 1235 2608 autem
1252 2554 1278 2607 in
1293 2568 1336 2618 eo,
1350 2553 1421 2623 quod
1436 2554 1495 2607 uit:
1510 2548 1564 2606 Exi
1574 2566 1650 2615 onte,
1658 2548 1780 2613 Domine,
1793 2548 1856 2619 qsio
1874 2564 1934 2618 pec-

311 2633 388 2687 absos
407 2644 433 2689 et
450 2636 538 2691 locate
558 2628 622 2691 retis
642 2648 727 2692 oestro
746 2639 773 2692 in
788 2648 939 2708 captarum,
957 2642 990 2694 ad
1008 2656 1095 2696 remo·
1145 2643 1385 2708 cutorbomosem,
1396 2641 1567 2712 quodtamen
1581 2642 1644 2710 quia
1658 2637 1934 2703 nonlecltllominns,

313 2724 389 2780 tiores
405 2734 499 2798 gentes
515 2727 613 2797 quibus
635 2735 726 2798 postea
746 2729 922 2798 praedicatum
940 2740 992 2796 est,
1011 2733 1095 2801 perti·
1145 2734 1285 2789 nonenim
1299 2734 1412 2789 recessit
1424 2732 1459 2787 ab
1471 2733 1528 2796 eis,
1540 2731 1587 2786 sed
1604 2744 1651 2784 eos
1665 2728 1805 2785 subductis
1820 2727 1934 2783 navibus

314 2824 379 2871 ³⁰²¹·
1145 2820 1179 2875 ad
1195 2822 1270 2876 littus
1284 2820 1421 2891 perduxit,
1436 2818 1572 2890 significat
1585 2817 1612 2871 in
1627 2816 1705 2872 bonis
1721 2823 1750 2871 et
1765 2814 1933 2886 spiritalibus

342 2904 375 2957 Et
389 2904 547 2975 respondens
560 2904 652 2962 Simon
668 2906 734 2962 dicit
748 2907 788 2962 illi
797 2924 807 2962 :
823 2905 981 2978 Proceptor,
997 2926 1043 2980 per
1053 2919 1094 2965 to·
1146 2913 1223 2977 uiris,
1238 2927 1291 2968 non
1308 2926 1368 2967 esse
1380 2918 1505 2981 oportere
1517 2909 1587 2963 lianc
1598 2907 1761 2963 voluntatem
1772 2914 1802 2961 ut
1812 2905 1931 2975 peccatis

316 3003 360 3049 bns
375 3007 475 3050 nocem
491 2997 640 3052 laborantes
654 2999 719 3053 nibil
732 3000 861 3070 cepimus,
877 3001 904 3054 in
918 3000 993 3054 uerbo
1006 3010 1094 3055 uatem
1147 3005 1286 3080 tnrbarnm
1297 3002 1437 3067 commoti,
1452 3017 1507 3071 quo
1520 3000 1597 3069 quasi
1613 2999 1735 3054 securius
1750 2998 1932 3068 tranquillius·

317 3096 352 3141 tao
364 3088 460 3143 lacnlm
474 3101 536 3144 rete.
551 3089 611 3144 Nisi
622 3090 748 3145 Dominus
758 3092 925 3161 edificaverit
936 3091 1053 3155 doniam,
1067 3094 1095 3145 in
1145 3114 1198 3169 que
1210 3098 1417 3161 cinnamoque
1429 3093 1641 3150 ecclesiasticum
1653 3093 1787 3147 deserant.

318 3195 401 3233 summ
416 3179 537 3234 laborant
549 3182 594 3251 qui
606 3182 740 3251 edificant
753 3199 822 3236 eum.
836 3181 892 3237 Nisi
908 3182 1036 3237 Dominus
1048 3197 1095 3235 cor
1181 3188 1216 3242 Et
1238 3188 1275 3241 nit
1296 3187 1330 3240 nd
1346 3184 1478 3240 Simonem
1489 3183 1583 3246 teras,
1599 3181 1662 3235 Noli
1673 3182 1773 3235 timere.
1788 3178 1931 3234 Cotrlortut

320 3266 481 3326 lulllffi'elll
496 3271 660 3338 ludibrum,
673 3271 768 3328 ‘loelol
779 3274 805 3327 i¹¹
817 3281 896 3328 ”⁰⁰10
911 3273 1023 3327 laborst.
1037 3273 1093 3327 Nisi
1144 3278 1274 3335 murinus
1301 3277 1424 3332 tiatorem
1443 3274 1591 3331 carnalium
1615 3271 1772 3341 animosque
1794 3270 1931 3339 fragilium
1984 3322 1996 3338 ‚

322 3360 430 3418 inrerbo
444 3378 567 3433 supernae
579 3364 672 3434 gratiae
685 3363 774 3418 laxata
795 3363 897 3418 luerint
914 3364 1092 3418 instrumenta
1145 3370 1308 3426 consolando
1330 3368 1425 3439 eripit,
1448 3381 1482 3421 oc
1501 3365 1563 3434 quis
1586 3363 1627 3419 uel
1647 3364 1680 3418 de
1693 3377 1749 3417 suae
1765 3363 1931 3417 conscicntia

323 3449 527 3519 llbllsslifflltlm,
540 3451 959 3524 ffflslwcistttaeblffldlffllor
973 3452 1093 3521 iaculum
1106 3434 1131 3499 C
1144 3460 1230 3530 culpa
1248 3467 1368 3513 tremens
1386 3456 1429 3510 vel
1446 3456 1479 3510 de
1498 3454 1614 3508 aliorum
1632 3452 1785 3506 innocentia
1802 3449 1927 3521 stupens)

324 3527 407 3607 mittet,
435 3543 499 3612 quia
518 3542 585 3599 tides
607 3544 766 3615 populorum
790 3560 843 3599 non
862 3544 994 3615 sapientia
1018 3546 1092 3600 verbi
1144 3546 1295 3605 sanctitatis
1320 3545 1372 3601 iter
1394 3542 1522 3597 tormidet
1538 3539 1664 3611 aggredi,
1683 3540 1754 3608 quod
1780 3548 1869 3594 autem
1888 3554 1931 3594 se·

325 3634 465 3701 compositi,
483 3634 532 3688 scd
550 3633 648 3689 diuina·
664 3635 811 3689 secationis
823 3649 934 3689 munere
952 3637 1090 3705 prevenit.
1145 3640 1248 3710 quitur.

348 3722 378 3775 Et
391 3740 450 3778 curn
463 3725 512 3779 boc
525 3725 656 3794 fecissent,
677 3725 859 3780 concluserunt
873 3726 984 3796 piscium
999 3726 1092 3781 multi·
1179 3730 1220 3784 Ec
1237 3729 1286 3782 boc
1295 3727 1354 3796 jam
1366 3725 1482 3779 homines
1502 3723 1553 3777 eris
1573 3721 1677 3791 capiens
1691 3761 1699 3786 ,
1714 3722 1748 3776 ad
1768 3721 1856 3790 ipsum
1876 3721 1929 3776 Pe-

326 3812 422 3867 tstinem
445 3816 589 3883 copiosam,
613 3814 782 3886 rumpebatur
802 3824 890 3870 uatem
918 3824 970 3870 rete
990 3832 1090 3872 corant.
1142 3829 1213 3875 trum
1230 3819 1382 3889 specialiter
1394 3819 1520 3888 pertinet.
1536 3817 1651 3887 Exponit
1670 3817 1694 3871 ei
1713 3817 1842 3872 llomlnus
1864 3817 1928 3886 quid

325 3900 368 3960 tre
380 3906 549 3961 multitudine
559 3906 672 3976 piscium
686 3917 742 3963 rete
752 3908 938 3976 rumpebatur,
950 3906 1012 3976 quia
1021 3923 1090 3963 stunc
1141 3911 1200 3966 burc
1211 3918 1321 3979 captura
1337 3908 1450 3978 piscium
1464 3906 1613 3978 significet,
1624 3907 1696 3977 quod
1713 3906 1841 3962 uidelicet
1855 3908 1926 3977 ipsc,

326 3995 508 4051 emolessioue
531 3994 592 4051 lldei
616 3996 697 4050 etiarn
712 4010 773 4051 cum
788 3996 882 4052 electis
903 3997 1010 4066 reprobi
1025 3998 1091 4053 muti
1141 4002 1212 4058 sicot
1226 4016 1297 4055 nunc
1310 4014 1359 4069 pcr
1374 3999 1441 4055 retia
1456 3998 1555 4068 pisces,
1569 3997 1609 4052 sie
1626 3996 1769 4065 aliquando
1779 4011 1827 4065 per
1847 3996 1927 4050 verba

324 4079 417 4148 intrant,
425 4086 473 4155 qui
481 4086 566 4155 ipsam
575 4101 682 4157 quoque
691 4086 849 4156 Ecclesiam,
862 4089 1010 4145 haeresibus
1020 4089 1092 4145 scin·
1142 4095 1177 4150 sit
1190 4102 1318 4165 capturus
1332 4092 1465 4155 homiues,
1479 4097 1604 4159 totusque
1616 4088 1680 4143 lacti
1695 4087 1775 4156 huius
1785 4089 1853 4142 ordo
1864 4089 1929 4157 qnid

322 4172 383 4228 dant.
397 4175 541 4244 ltumpitur
554 4185 643 4231 autem
663 4185 736 4243 rete,
754 4176 799 4232 sed
814 4191 866 4232 uon
880 4178 980 4233 labitur
993 4180 1090 4249 piscis,
1141 4186 1170 4241 in
1183 4183 1313 4246 Ecclesia,
1326 4182 1402 4251 curius
1416 4181 1473 4251 ipse
1484 4187 1575 4251 typum
1591 4186 1673 4245 tenet,
1689 4180 1807 4249 quotidie
1819 4189 1948 4264 geratur!

319 4266 372 4334 quia
380 4282 443 4323 suos
454 4268 582 4324 Dominus
594 4269 677 4323 etiam
695 4270 767 4324 inter
783 4270 1001 4341 persequentium
1013 4286 1091 4328 scan·
1141 4273 1274 4331 ostendat.
1287 4271 1364 4337 Qttod
1380 4285 1443 4326 vero
1455 4268 1637 4340 subiungitur,

316 4353 369 4408 mla
380 4366 479 4412 serrat.
1176 4366 1210 4420 Et
1223 4364 1357 4419 subductis
1369 4362 1404 4416 od
1416 4371 1512 4416 terram
1523 4362 1630 4416 nemius
1644 4347 1741 4417 relictis
1754 4361 1873 4417 omnibus
1886 4379 1927 4417 se-

344 4444 379 4500 Et
391 4456 540 4503 annmrsnt
553 4448 630 4504 sociis
640 4450 685 4520 qui
696 4458 770 4505 erant
781 4449 810 4505 in
823 4450 879 4505 sliu
892 4452 963 4518 nusi,
973 4463 1004 4508 st
1017 4455 1089 4511 sene
1141 4460 1195 4516 coti
1207 4468 1267 4513 sunt
1277 4469 1346 4522 eant,
1359 4462 1448 4525 potest
1457 4454 1610 4526 significare
1623 4453 1703 4511 duem
1716 4456 1844 4525 temporis
1855 4457 1927 4525 quod

310 4546 365 4590 Μ’
373 4546 397 4591 ⁶¹
412 4537 567 4607 “tillim
579 4538 699 4594 θῡδ-Μῑθ
708 4540 794 4605 flavii·
808 4548 839 4595 1⁸²
850 4542 1036 4611 lllaefflilmuts
1048 4550 1092 4600 esi
1141 4550 1175 4605 ab
1188 4546 1268 4616 liujus
1288 4544 1379 4600 mundi
1397 4543 1455 4599 salo
1468 4543 1515 4614 qui
1530 4542 1639 4599 Christo
1653 4543 1809 4599 iohaeseriut
1821 4544 1928 4614 penitus

308 4630 426 4685 Ecclesia
438 4631 471 4685 de
484 4632 690 4703 gentibusque
702 4634 797 4703 etipsa
811 4648 864 4689 non
876 4632 1088 4691 sufficienteuna
1141 4636 1273 4694 recessuri
1297 4634 1360 4689 sint
1385 4631 1528 4689 Sciendum
1545 4640 1589 4688 est
1605 4641 1694 4688 antem
1713 4633 1785 4688 hauc
1804 4633 1926 4688 eamdem

306 4720 429 4777 uaricula
444 4722 562 4791 piscibus
573 4723 820 4793 impleturclectis,
834 4724 897 4793 quia
917 4724 987 4779 norit
999 4723 1091 4780 bomi-
1141 4744 1194 4783 non
1212 4742 1272 4781 csso
1290 4725 1442 4788 lectionem,
1458 4738 1510 4793 qna
1528 4721 1669 4777 llattbteus
1680 4730 1708 4779 et
1721 4722 1827 4777 llarcns
1849 4722 1928 4779 bbsos

305 4827 356 4864 sss
367 4812 414 4881 qsi
425 4819 486 4865 sant
500 4811 572 4880 ejus,
587 4821 612 4865 et
628 4813 699 4881 apud
711 4813 795 4883 ipsam
815 4823 901 4868 certus
920 4824 958 4869 est
980 4830 1089 4870 suorum
1103 4795 1128 4857 D
1140 4819 1174 4874 de
1196 4816 1325 4873 travicnlis
1349 4815 1496 4885 piscatores
1514 4812 1601 4883 primo
1618 4812 1726 4868 Petrum
1738 4822 1767 4870 et
1781 4813 1925 4882 andream,

303 4918 430 4957 nsrnerss
439 4902 590 4957 electorem.
601 4902 724 4974 Dumque
735 4912 775 4958 tot
792 4905 819 4959 io
835 4904 926 4960 iudaea
940 4907 1090 4962 credituros
1140 4907 1237 4967 deinde
1249 4908 1317 4962 lilios
1326 4905 1447 4961 Zebedaei
1461 4904 1601 4959 abomino
1613 4910 1725 4958 narrant
1736 4913 1925 4960 essevocatos.

304 5008 361 5048 nou
377 4993 496 5059 invenit,
508 5001 573 5064 quot
588 4995 622 5048 ad
634 4993 714 5050 bdem
729 4995 866 5066 vitamque
883 4998 1088 5067 praedestinatos
1140 5000 1199 5057 Non
1220 4999 1292 5054 enim
1310 5012 1357 5053 eos
1382 4996 1470 5052 Lucas
1493 5009 1565 5049 nnnc
1582 5008 1597 5048 a
1613 4993 1726 5050 bonine
1748 5005 1867 5062 uocatos,
1880 4996 1926 5050 seul

303 5083 380 5139 noris
392 5092 541 5150 eternam,
560 5085 638 5153 quasi
652 5083 712 5139 aliae
730 5086 807 5141 nasis
820 5086 989 5158 receptacula
1006 5088 1089 5157 pisci·
1140 5099 1244 5148 tanturn
1264 5089 1345 5145 Petro
1361 5086 1444 5142 luisse
1463 5084 1620 5155 praedictum
1632 5083 1704 5154 quod
1717 5083 1839 5139 hominos
1855 5092 1926 5140 essct

304 5176 357 5230 luis
366 5191 491 5246 qnaerens
503 5177 568 5240 sois,
584 5177 666 5231 corda
680 5191 787 5247 qnoque
796 5177 914 5248 gentium
926 5177 988 5234 fidei
1002 5180 1102 5252 qratia,
1140 5191 1267 5253 capturus
1285 5180 1411 5235 insinuat
1431 5176 1498 5232 Nam
1508 5183 1537 5231 et
1548 5184 1609 5245 post
1628 5174 1852 5231 resurrectionem
1875 5175 1927 5229 lio-

303 5265 409 5336 replet,
428 5274 457 5321 ct
479 5266 549 5321 bene
572 5276 652 5337 rupto
671 5267 722 5323 reti
742 5268 816 5323 socia
836 5269 914 5323 nauis
931 5268 1089 5336 advocatur,
1142 5273 1207 5329 mini
1231 5271 1344 5341 legimus
1356 5283 1404 5323 eos
1418 5265 1616 5335 esscpiscatos.
1633 5262 1709 5320 Unde
1722 5264 1801 5328 datur
1813 5263 1926 5335 intelligi

303 5359 432 5430 quoniam
448 5369 513 5415 ante
532 5357 615 5415 ludas
636 5360 772 5430 proditor,
794 5367 856 5416 ante
879 5360 973 5415 Simon
996 5375 1092 5433 magus
1141 5362 1233 5418 eosad
1243 5368 1382 5429 capturam
1391 5356 1505 5427 piscium
1513 5369 1547 5410 ex
1556 5367 1631 5408 more
1642 5365 1786 5418 remeasse,
1795 5359 1826 5407 nt
1834 5362 1926 5423 postea

305 5448 393 5517 pisces
402 5448 559 5518 nequissimi
567 5449 638 5518 eapti
652 5448 924 5515 sunt,aoteAnanias
937 5459 965 5504 et
976 5448 1091 5518 Saplsira
1142 5453 1220 5510 lieret
1239 5451 1311 5522 quod
1335 5448 1477 5504 llattbaeus
1497 5454 1526 5502 et
1551 5445 1659 5501 llarcus
1680 5453 1801 5511 narrant,
1818 5446 1927 5516 quando

306 5549 365 5594 rete
377 5540 438 5595 lidei
453 5540 565 5596 subdole
578 5542 718 5596 tentabant
729 5542 845 5611 ingredi,
859 5550 923 5596 ante
932 5549 962 5597 ut
972 5540 1091 5597 ioannes
1141 5557 1189 5597 eos
1201 5542 1279 5597 binos
1288 5538 1403 5595 vocarit.
1418 5535 1494 5592 'lune
1503 5535 1555 5591 etsi
1568 5550 1622 5591 ooo
1633 5535 1770 5591 subductis
1780 5535 1813 5589 ad
1827 5545 1925 5590 terram

306 5639 435 5695 testatm,
459 5631 536 5686 molti
564 5631 756 5701 discipulorum
779 5631 838 5702 ejus
864 5632 988 5687 abierunt
1003 5640 1088 5697 retro,
1143 5633 1270 5698 navibus,
1284 5640 1411 5699 tanquam
1423 5642 1487 5684 cora
1502 5625 1642 5690 redeundi,
1654 5625 1700 5680 sed
1713 5625 1750 5679 ita
1763 5638 1824 5679 enm
1839 5623 1925 5678 secasti

307 5719 388 5773 etiam
401 5735 455 5775 non
469 5736 531 5776 com
543 5721 589 5778 illo
601 5723 790 5787 ambulabant,
803 5737 835 5777 ae
845 5720 940 5777 deinde
954 5722 1092 5779 Barnabas
1142 5728 1215 5785 sunt,
1232 5729 1361 5789 tanquam
1382 5722 1521 5772 vocantem
1535 5729 1568 5770 ac
1579 5713 1719 5784 jubentem
1735 5717 1766 5766 ut
1782 5724 1926 5781 sequeren-

307 5817 335 5863 et
346 5807 446 5866 rantra
456 5811 490 5866 ad
502 5813 619 5881 gentium
630 5821 694 5867 sunt
706 5812 885 5883 apostolatum
897 5812 1040 5884 segregati.
1142 5822 1198 5880 tur,
1210 5819 1302 5883 postea
1317 5823 1382 5866 vero
1398 5807 1450 5864 ilde
1464 5814 1539 5863 recta
1553 5804 1647 5860 imbuti
1658 5811 1687 5858 et
1699 5800 1820 5857 doctrina
1833 5798 1925 5853 Salva·

343 5898 378 5953 Et
390 5910 514 5955 unsrunt
523 5912 547 5955 et
560 5902 730 5973 impleuerant
743 5903 833 5958 ambus
847 5902 999 5968 ncmcrtlus,
1013 5905 1050 5957 ita
1063 5912 1092 5957 ut
1143 5903 1210 5959 toris
1224 5902 1265 5958 sui
1277 5899 1392 5971 pleniter
1402 5897 1536 5961 instructi,
1551 5894 1665 5950 llrutlter
1676 5899 1704 5948 et
1714 5888 1846 5946 sabiuter
1855 5888 1927 5957 apud

309 6001 494 6065 mmm.
507 5993 607 6051 iiarum
620 5996 739 6066 impletio
751 5997 860 6052 navium
873 6010 958 6066 usque
973 5996 999 6051 in
1012 5994 1090 6052 bncm
1143 6010 1221 6051 suunt
1235 5999 1441 6065 permanserunt
1456 5988 1599 6046 bominum
1621 5992 1650 6042 et
1669 5977 1837 6054 norbano,
1850 5977 1928 6049 wius
