4500 6842
318 629 382 685 litt
966 629 1276 688 nntttninotocltln.
1864 632 1942 688 itta.

315 741 486 806 Alexandria,
499 740 556 811 qui,
571 739 723 795 constitutis
737 747 764 795 et
775 738 949 797 conformatis
967 741 1098 798 Eccleslis
1111 748 1136 806 Α
1149 754 1211 815 post
1239 745 1322 800 nimia
1349 753 1482 800 torrrrenta
1506 747 1687 813 decollandus,
1703 761 1765 801 curu
1782 748 1885 802 rerxirct
1899 748 1933 803 ad

314 848 365 906 per
384 832 508 905 Libyam,
531 833 711 895 Armaricam,
732 830 945 899 Axnrrroniacam,
966 832 1099 903 Pentapu-
1149 832 1409 902 Palmum,exparit,
1431 842 1459 888 et
1482 834 1543 888 dum
1558 834 1637 889 nollet
1655 835 1864 900 malesuadam,
1885 851 1933 891 cx-

315 924 365 990 liu,
379 922 566 978 Alexandriam
582 929 663 991 atque
677 920 823 991 AEqyptum
837 922 1002 987 universam,
1017 921 1051 976 ad
1061 920 1100 975 ul·
1149 924 1275 981 clamarit
1293 938 1359 980 roce
1380 940 1474 997 magua
1491 926 1587 981 vitalis
1608 927 1723 982 diceris:
1738 946 1747 977 ι
1763 925 1833 992 Noli,
1862 925 1933 987 nnn.

315 1014 411 1068 tinum
426 1021 514 1066 tentos
527 1019 568 1066 est
580 1026 595 1063 a
607 1011 718 1093 paganis
729 1011 775 1079 qui
787 1019 973 1066 remanserant
983 1011 1099 1065 Alexan·
1150 1017 1275 1075 Ursicino
1296 1018 1411 1084 medice,
1426 1018 1472 1089 qni
1487 1018 1555 1074 aiios
1577 1034 1674 1074 curare
1698 1018 1872 1084 consuevisti,
1896 1025 1932 1073 te

315 1103 391 1167 driu,
403 1103 448 1172 «tul
461 1102 581 1156 videntes
594 1116 656 1155 etim
671 1100 714 1156 die
728 1108 821 1155 sancio
836 1100 957 1184 Paschae,
969 1114 1017 1155 llll
1039 1099 1098 1154 Kil-
1150 1110 1236 1179 ipsum
1249 1115 1357 1163 aeternae
1378 1108 1473 1162 mortis
1484 1105 1575 1175 jaculo
1599 1108 1741 1162 vulnerare
1755 1091 1819 1165 risi
1837 1113 1865 1161 et
1887 1106 1933 1176 qui

315 1191 388 1256 ilai,
418 1192 513 1245 animm
536 1190 690 1252 facientem,
706 1192 838 1244 miserunt
861 1187 951 1244 luneio
975 1190 1003 1243 in
1028 1187 1099 1244 collo
1149 1212 1198 1267 per
1219 1197 1357 1267 passiones
1378 1195 1477 1250 nimias
1503 1195 1600 1250 uenisti
1614 1195 1783 1268 adpugnam,
1805 1207 1933 1249 eoronam

315 1285 386 1355 ejus,
399 1292 427 1337 et
450 1282 592 1336 trahebant
613 1295 675 1335 eum
704 1280 737 1335 ad
758 1280 816 1335 ¹0⁰³
830 1279 931 1344 buculi,
947 1294 1006 1350 ‘11¹ae
1023 1287 1100 1335 elini
1150 1289 1263 1360 perdere
1282 1289 1322 1343 vis
1335 1303 1350 1342 a
1365 1286 1479 1343 Domino
1502 1285 1553 1342 tihi
1569 1287 1765 1357 preparataml
1792 1285 1937 1341 rhudiens

312 1374 390 1446 iuxta
413 1387 487 1427 marc
514 1372 564 1427 sub
589 1370 707 1440 rupibus,
723 1371 768 1425 nihi
781 1378 840 1425 erat
852 1369 965 1425 ecclesia
977 1377 1100 1425 eonstm·
1150 1377 1207 1432 naee
1229 1375 1368 1431 Ursicinus
1389 1390 1458 1446 genu
1475 1376 1573 1444 posuit,
1587 1384 1615 1432 et
1636 1376 1826 1447 spiculatorem
1846 1388 1877 1435 ut
1897 1377 1935 1432 le-

315 1472 372 1529 cta,
389 1471 418 1518 ct
437 1461 587 1518 defluebant
604 1475 701 1517 carnes
722 1460 781 1530 etus
803 1459 829 1514 in
847 1470 958 1525 terram,
982 1474 1014 1514 ιι
1033 1474 1099 1515 taxa
1149 1467 1216 1522 riret
1242 1467 1409 1533 hortabatur,
1438 1481 1520 1538 agens
1543 1466 1729 1536 poenitentiam
1752 1469 1824 1538 quod
1847 1484 1932 1540 erpa·
1981 1532 1984 1537 ι

316 1555 504 1610 inliciebantur
518 1553 647 1620 sanguine
665 1566 798 1621 :uespere
811 1559 899 1607 autem
921 1550 1002 1616 lacto,
1020 1551 1100 1606 mise-
1149 1556 1242 1619 risset,
1257 1555 1357 1610 Christi
1371 1566 1518 1628 martyrem
1538 1569 1567 1610 se
1582 1553 1654 1610 lecit.
1671 1556 1770 1612 Eodem
1782 1558 1824 1613 die
1837 1557 1938 1613 natalis

316 1653 451 1700 runtcum
465 1642 492 1697 in
513 1656 660 1706 carcerem,
688 1641 734 1695 ubi
757 1641 829 1695 cirea
853 1639 968 1695 mediam
993 1649 1099 1695 noctem
1150 1643 1236 1698 sancti
1254 1641 1440 1713 christophori
1454 1643 1591 1714 martyris.

315 1737 404 1807 primo
425 1735 545 1806 angelica
570 1733 722 1789 visitatione
749 1730 982 1797 conlortatusest‚
1004 1730 1100 1785 deiude
1184 1733 1218 1789 itt
1235 1733 1302 1789 dre.
1338 1734 1430 1791 Romae
1457 1736 1581 1807 passiob
1606 1734 1673 1790 cion
1701 1751 1786 1806 papae,
1807 1736 1853 1807 qui
1877 1745 1933 1791 ter-

316 1830 376 1897 ipso
389 1826 564 1881 Dominosihi
588 1833 733 1895 apparente
744 1825 777 1880 ad
797 1824 917 1880 coelestia
928 1837 1009 1894 regna
1022 1839 1100 1880 voca·
1151 1824 1204 1880 tius
1219 1833 1279 1895 post
1289 1825 1397 1880 Petrum
1408 1826 1535 1881 Romanu
1546 1825 1620 1881 urhis
1643 1827 1826 1896 episcopatum
1850 1843 1938 1881 arrnos

316 1926 372 1995 tus,
393 1930 426 1970 ac
439 1928 590 1970 manecum
610 1915 765 1970 traheretur
785 1914 818 1969 ad
839 1913 897 1969 loca
912 1914 1013 1979 buculi,
1036 1916 1099 1984 qra-
1150 1915 1289 1971 duodecim
1302 1915 1404 1978 hahuit
1421 1924 1448 1970 et
1462 1915 1559 1971 ibidem
1579 1916 1709 1987 martyrio
1724 1925 1868 1972 coronatus
1893 1926 1937 1972 est

318 2003 370 2060 tias
382 2006 473 2074 agens,
496 2011 524 2060 et
534 2003 644 2058 dicens:
664 2002 785 2069 Domine,
797 2002 825 2056 in
841 2018 934 2057 monor
955 2010 1013 2057 tuna
1027 2018 1097 2056 com·
1151 2006 1200 2062 sub
1212 2005 1365 2062 Domitiano
1384 2007 1555 2078 imperatore.

316 2094 410 2149 melliti
424 2095 544 2165 amntem
557 2108 653 2160 meum,
671 2092 814 2148 desudem
831 2100 884 2159 est,
912 2102 967 2148 θῑιι
983 2092 1048 2147 liris
1059 2105 1101 2146 ιθ·
1116 2084 1139 2144 Β
1186 2097 1328 2153 tillicto
1343 2098 1504 2154 Alexandria
1518 2100 1617 2156 natalis
1629 2100 1756 2157 Alrodisii
1772 2101 1939 2172 presbyteria

288 2212 290 2214 ·
316 2183 419 2256 ligiosis
431 2183 561 2254 sepultus,
571 2184 598 2239 in
612 2183 672 2239 loeo
694 2182 791 2253 lapidis
805 2182 900 2248 excisi,
916 2197 976 2238 cum
1003 2182 1098 2254 gloria.
1150 2197 1178 2244 et
1188 2187 1302 2244 aliorum
1317 2189 1436 2258 triginta.
1454 2189 1487 2243 lit
1500 2189 1590 2246 Rome
1604 2191 1735 2261 depositio
1751 2188 1855 2258 Quirini
1873 2191 1937 2263 cpi·

315 2272 494 2331 Ordiuarerat
514 2281 603 2330 autem
629 2289 680 2345 pro
698 2289 727 2330 se
750 2272 920 2330 Alexandriae
945 2271 1100 2344 episcopum
1151 2278 1237 2349 scopi.

316 2366 481 2434 Annianum,
496 2367 557 2423 aliis
572 2382 679 2438 quoquc
691 2366 769 2439 longe
783 2366 888 2437 lateque
903 2367 1031 2423 Ecclesiis
1044 2367 1099 2438 cpi·
1460 2404 1496 2479 Μ
1502 2405 1586 2482 ΜΗ
1592 2408 1617 2482 S

317 2472 422 2527 scopos,
433 2457 606 2528 presbyteros
620 2466 648 2513 et
671 2457 799 2513 diaconos
812 2455 931 2512 dederat.
946 2455 1046 2512 Eodem
1058 2456 1101 2511 die
1182 2484 1188 2494 ·
1516 2524 1519 2529 ι
1622 2464 1630 2481 ·

317 2548 408 2604 ¹³⁰1ssae
428 2550 527 2604 Ῑθῑῑιῐιῑῑι
548 2548 635 2618 ¹¹¹³]or
655 2543 690 2605 ad
711 2547 840 2605 sincium
858 2548 976 2604 Pelium·
1006 2546 1100 2603 Natali
1186 2556 1252 2611 liat.
1272 2556 1346 2613 Μιιι.
1371 2558 1513 2614 llieremico
1533 2557 1680 2629 prophetae,
1695 2568 1722 2614 et
1748 2560 1774 2613 iu
1802 2548 1944 2627 Hierapoli

317 2641 404 2695 sancti
417 2637 525 2696 blaximi
536 2641 674 2712 martyris,
695 2642 743 2710 qui
764 2640 931 2710 temporibus
942 2639 1015 2695 Decii
1028 2655 1101 2695 com·

316 2731 465 2799 prehensus
489 2738 531 2785 cst
547 2729 575 2786 in
595 2730 669 2796 Asia,
698 2738 725 2785 et
746 2729 851 2785 oblatus
873 2739 915 2785 cst
935 2730 1100 2800 proconsuli,

317 2822 362 2889 qui
377 2821 459 2890 jussit
472 2837 533 2876 eum
544 2822 572 2877 in
586 2821 701 2890 equuleo
714 2821 851 2892 suspendi,
865 2829 893 2875 ct
908 2820 1022 2876 diversis
1036 2831 1099 2891 sup-

317 2909 404 2979 pliciis
423 2911 552 2979 torqueri,
575 2911 598 2965 sl
617 2922 720 2980 magnae
737 2909 827 2965 Dianae
844 2926 898 2968 non
924 2910 1101 2976 sacrificaret,

315 3005 345 3054 et
357 3000 391 3055 ob
409 3001 459 3055 hoc
471 3000 533 3070 quia
554 3014 613 3054 eam
630 3014 684 3055 non
705 2998 818 3066 coleret,
833 2998 915 3070 jussit
926 3002 987 3054 euni
1002 3003 1103 3072 capita·

314 3084 369 3146 ism
383 3089 473 3144 subire
488 3088 659 3155 sententiam,
672 3089 723 3144 hoc
734 3093 775 3144 est
789 3089 816 3143 in
826 3101 864 3142 ιιι
877 3088 936 3143 llal.
951 3088 1023 3144 blaii.

1153 2657 1164 2685 ι
1180 2647 1295 2718 Philippi
1316 2648 1427 2719 apostoli
1452 2649 1497 2719 qui
1513 2647 1697 2703 Ebionitarum
1708 2647 1821 2702 heresin
1832 2647 1935 2702 exstin-

1151 2738 1200 2804 xia,
1218 2747 1245 2794 ct
1269 2739 1371 2809 quierit
1385 2738 1411 2792 in
1424 2752 1500 2807 pace.
1526 2736 1620 2793 Passio
1645 2738 1731 2793 sancti
1757 2725 1850 2792 iacobi
1871 2752 1936 2807 apo-

1151 2827 1212 2884 stoli
1226 2827 1253 2883 in
1267 2826 1462 2898 Hierosolyma,
1484 2843 1564 2899 quem
1578 2826 1682 2883 Scrihae
1698 2835 1727 2881 et
1746 2819 1873 2882 Pharisei
1887 2841 1938 2897 po·

1152 2927 1265 2975 suerunt
1279 2931 1359 2990 super
1370 2918 1479 2989 pinnam
1494 2917 1583 2990 templi
1595 2935 1602 2984 ;
1624 2916 1671 2973 sed
1693 2917 1802 2973 eremita
1816 2925 1937 2988 agerent,

1152 3010 1315 3067 striderent
1332 3019 1425 3066 omnes
1453 3010 1582 3082 gratulari
1609 3010 1636 3065 io
1658 3007 1848 3079 predicatione
1864 3007 1934 3077 eius,

1152 3104 1387 3174 precipitaverunt
1405 3118 1465 3159 cum
1489 3119 1522 3159 ex
1547 3103 1611 3169 alto,
1627 3113 1654 3158 et
1671 3117 1799 3158 corruens
1811 3100 1879 3157 nihil
1891 3100 1937 3155 lac·

352 3178 385 3233 Vl
404 3177 470 3231 Kli·
496 3177 635 3279 '⁰0D051110
647 3178 760 3234 saiw
783 3177 927 3233 Milclffilli
947 3188 1033 3249 βψω,
1055 3181 1101 3249 qui
1153 3195 1269 3261 sussen
1291 3194 1377 3265 magis
1391 3182 1568 3265 praedicabat3
1599 3204 1662 3249 tunc
1676 3194 1887 3264 iratusquidam
1902 3209 1939 3249 er

317 3283 378 3325 ⁰⁰⁰¹
403 3267 549 3322 3⁰⁰¹9⁵¹³¹¹¹
573 3282 669 3323 ΗΘΜ
693 3280 779 3323 ammi
801 3276 829 3323 0²
851 3283 958 3323 ¹⁰⁰¹¹³⁰⁸
986 3277 1102 3338 quatuor
1153 3285 1295 3340 Pharisoeis
1310 3285 1411 3356 pertica
1436 3284 1544 3340 lullonis
1563 3285 1659 3339 cecidit
1685 3284 1791 3340 lortiter
1805 3284 1832 3338 in
1856 3291 1941 3353 caput

317 3359 442 3421 rexisset,
462 3366 489 3411 et
512 3359 678 3427 temporibus
701 3358 860 3413 Diocletiani
889 3364 915 3413 et
937 3356 1101 3423 llaximiani,
1153 3373 1222 3445 ejus,
1235 3374 1370 3429 eqeqepqq
1383 3374 1533 3429 cerebrum·
1546 3370 1581 3427 pq
1594 3374 1620 3427 q„
1644 3372 1828 3443 Hierosolyma
1847 3371 1941 3443 passio

317 3452 454 3507 ibeffllssffl
469 3450 696 3521 ⁰1⁰⁰¹0152D0Df0
712 3451 767 3507 fide
789 3451 890 3508 Chiiiii
904 3466 967 3508 ⁰¹¹¹ss
987 3451 1099 3508 Claud&
1113 3432 1136 3494 C
1151 3465 1236 3520 sancti
1250 3461 1337 3528 iudae,
1364 3464 1421 3519 sire
1438 3455 1556 3529 Quiriaci
1572 3464 1702 3533 episcopi,
1729 3464 1774 3518 cui
1790 3463 1936 3518 revelatum

318 3560 345 3606 et
358 3550 466 3620 Cyrino,
484 3556 512 3604 et
525 3547 672 3614 Antonino,
686 3548 773 3617 capite
786 3554 926 3603 truncatus
937 3557 988 3613 cst,
1002 3556 1100 3618 etpost
1150 3562 1191 3607 est
1200 3551 1301 3623 lignum
1325 3551 1469 3606 Dominicae
1488 3551 1588 3605 crucis.
1613 3552 1713 3607 Eodem
1726 3552 1769 3607 die
1780 3552 1807 3607 in
1820 3550 1937 3607 Aeaurio

294 3639 376 3708 ,dies
390 3637 621 3709 trigintaquinque
632 3635 802 3706 sepultusvia
816 3634 921 3689 Salaria
936 3636 964 3689 in
977 3635 1100 3690 eubiculo
1149 3642 1239 3712 passio
1254 3640 1340 3696 saneti
1358 3638 1522 3710 sigismundi
1539 3641 1617 3709 regis.

318 3728 472 3784 altercatio
484 3727 650 3799 presbitero,
668 3734 696 3782 et
710 3725 879 3792 diaconibus,
901 3739 962 3780 cum
981 3724 1097 3794 munis,
1118 3788 1126 3800 ,
1186 3732 1219 3787 ιι
1233 3732 1300 3787 nor.
1331 3729 1424 3783 sauro
1448 3727 1537 3784 carris
1558 3730 1643 3783 rosio
1659 3728 1796 3784 annnam
1817 3730 1942 3799 episcopt

270 3857 293 3888 ,ἢ
307 3838 345 3890 Αιι
361 3822 419 3876 liat.
434 3822 504 3877 nait.
1150 3819 1333 3876 Alexandrini.

298 3887 375 3968 *W
393 3911 459 3967 liar.
478 3909 609 3967 Natiuitas
635 3909 770 3965 Anastasii
790 3924 876 3980 papae,
900 3908 945 3978 qni
961 3917 1021 3978 post
1037 3908 1101 3963 hea-
1188 3909 1288 3967 ilion.
1307 3911 1334 3965 in
1352 3899 1534 3981 hierosolyma
1553 3910 1672 3963 inventio
1684 3912 1784 3965 sanctae
1798 3911 1886 3965 mucis
1901 3912 1941 3966 ab

319 4010 376 4057 tum
406 4001 514 4055 Petmm
550 3990 771 4071 quadragesimus
801 3999 905 4070 primns
936 3998 1015 4054 sedit.
1052 3998 1101 4053 llic
1152 4002 1253 4058 lielena
1276 4003 1368 4074 regiam
1392 4010 1453 4073 post
1472 4000 1624 4071 passionem
1639 3999 1754 4065 Domini,
1775 4014 1848 4057 anno
1871 3988 1943 4068 asa,

318 4091 479 4148 Alanic‘haeos
504 4091 532 4145 in
546 4091 612 4146 urile
632 4090 717 4146 Romi
740 4088 880 4144 inveniens
905 4088 1053 4153 diffinivit,
1074 4094 1102 4142 el
1152 4102 1281 4165 regnante
1291 4092 1468 4148 Constantino
1478 4091 1712 4161 imperatore,lilio
1721 4091 1932 4162 ipsiusllelenae.

317 4180 565 4242 constitutumlccit
575 4181 698 4236 utnullus
707 4174 903 4236 transmarinus
914 4177 1102 4233 incle'ricatum
1153 4181 1255 4247 Romae,
1274 4180 1419 4237 Alexandri
1443 4195 1528 4251 papae.
1557 4187 1585 4234 et
1613 4180 1732 4247 Eventii,
1757 4190 1786 4236 ct
1806 4182 1947 4238 Theudali.

318 4277 511 4344 susciperetur,
539 4273 590 4328 nisi
611 4270 928 4343 quinquccpiscoporum
949 4269 1103 4340 designaret
1153 4273 1380 4343 presbyterorum,
1395 4285 1509 4340 quorum
1534 4270 1638 4341 primus
1659 4279 1721 4340 post
1747 4272 1865 4339 vincula,
1881 4287 1940 4329 car·

318 4365 538 4435 chirographum.
1153 4379 1239 4428 ceres,
1253 4361 1407 4433 equuleum,
1421 4360 1538 4432 virgulas
1551 4370 1580 4417 et
1592 4362 1679 4434 ignes,
1706 4362 1813 4433 punctis
1826 4362 1936 4420 creber-

355 4458 388 4513 tv
399 4457 465 4513 Aac.
489 4456 581 4511 Sancti
596 4453 700 4521 vitalis,
716 4456 762 4526 qui
775 4454 825 4510 luit
844 4463 922 4526 pater
943 4462 1099 4510 sanctorum
1153 4453 1230 4508 rimis
1253 4467 1301 4522 pcr
1318 4456 1373 4506 tota
1398 4451 1517 4506 membra
1541 4459 1700 4520 peremptus
1716 4459 1759 4506 est
1773 4469 1779 4505 :
1794 4460 1946 4522 sequente-

318 4562 468 4622 martyrum
486 4548 608 4605 Gerrasii
624 4546 791 4604 etProtasii.
806 4545 933 4616 llicerqo
957 4559 1017 4602 eum
1039 4545 1100 4602 luis
1153 4552 1181 4599 et
1201 4543 1252 4614 ipsi
1273 4549 1334 4612 post
1354 4541 1461 4612 longam
1490 4542 1611 4597 carceris
1641 4542 1829 4597 sustinentiam
1866 4543 1935 4613 igni-

319 4653 363 4698 set
385 4642 502 4697 militans
514 4639 674 4704 consularis,
698 4642 725 4694 et
737 4653 799 4694 cum
813 4636 908 4694 luisset
922 4651 982 4694 cum
991 4636 1103 4692 Parilinn
1154 4638 1204 4692 hus
1213 4635 1368 4700 examinati,
1387 4641 1414 4690 et
1435 4636 1469 4689 ad
1482 4634 1604 4689 ultimum
1621 4632 1742 4689 decollati
1754 4641 1817 4687 sunt
1831 4633 1866 4687 ah
1878 4632 1929 4687 Au-

315 4732 408 4805 judice
430 4745 490 4795 suo,
505 4730 661 4787 Ravennam
676 4731 812 4801 inpressos
825 4739 879 4795 est,
901 4743 928 4786 et
943 4744 1002 4786 cum
1030 4730 1103 4785 ride·
1155 4727 1256 4783 reliano
1275 4726 1365 4797 judice
1393 4733 1515 4794 tempore
1540 4721 1648 4791 Traiani
1669 4722 1806 4793 principis.
1835 4722 1935 4778 Eodem

302 4827 361 4901 {ret
376 4823 402 4877 iu
416 4819 666 4892 eonspectujudieis
679 4820 719 4875 sni
732 4818 916 4875 Christianum
927 4818 1035 4874 nomine
1050 4817 1102 4873 Ur·
1154 4820 1198 4877 die
1221 4819 1352 4890 depositio
1364 4818 1452 4877 sancti
1464 4817 1578 4886 Philippi
1590 4814 1762 4871 confessoris.

318 4913 445 4975 sieiuum,
465 4920 523 4965 orte
549 4909 692 4975 medicum,
703 4911 813 4964 natione
827 4907 977 4979 Ligurium,
990 4908 1050 4976 p'ost
1062 4907 1102 4962 ni·
1190 4893 1223 4965 ti
1242 4909 1308 4964 Nou.
1328 4907 1422 4963 Passio
1434 4906 1519 4961 sancti
1534 4904 1649 4960 Floriani
1664 4907 1789 4976 martyris
1814 4915 1934 4976 tempore

318 5003 373 5058 ntia
389 5010 521 5056 tormenta
532 5000 673 5071 capitalem
687 5000 821 5070 accepisse
833 4999 1008 5064 sententiam
1028 4997 1102 5054 locus
1156 5000 1314 5056 Diocletiani
1326 5009 1353 5053 ct
1363 4996 1514 5051 blarimiani
1532 4996 1735 5067 imperatorum,
1748 4997 1872 5053 seviente
1882 4998 1941 5053 ini·

319 5100 409 5147 anatem
426 5092 470 5146 urbi
482 5087 849 5155 decollabanturChristiani,
862 5089 913 5143 hoe
926 5088 1042 5142 habehat
1054 5103 1101 5143 ro
1155 5089 1284 5159 quissimo
1296 5086 1412 5156 praeside
1422 5084 1548 5153 Aquilino
1561 5086 1629 5157 apud
1644 5083 1782 5139 Nutricem
1792 5084 1948 5155 Ripenscm-

317 5183 455 5247 eubulum,
467 5192 498 5237 ιιι
512 5181 647 5236 diceretur
658 5180 691 5235 ad
716 5178 843 5250 palmam,
858 5177 972 5247 eoquod
991 5178 1102 5233 arbores

318 5274 437 5344 antiquae
450 5271 544 5340 palmae
555 5270 609 5324 illic
619 5277 719 5325 essent.
745 5268 792 5324 llic
806 5268 898 5339 igitur,
925 5273 956 5320 ut
975 5266 1102 5331 diximus,

356 5396 370 5425 ι
395 5385 510 5440 Diversae
522 5383 631 5439 luerunt
651 5383 684 5438 de
698 5382 851 5437 Marcellino
867 5395 934 5451 papa
946 5377 1040 5434 eodem
1056 5392 1104 5433 saa·

319 5454 551 5513 colosent'e'ritiae:
570 5453 643 5508 illum
657 5452 728 5507 inter
750 5458 857 5507 sanctos
872 5455 994 5505 recenset
1014 5445 1104 5501 liuha-

319 5540 383 5587 nus,
394 5526 473 5593 quem
493 5523 630 5587 Nicolaus,
645 5521 783 5577 Romanus
800 5520 931 5590 pontifex,
946 5518 1049 5587 lapsum
1075 5517 1103 5571 in

319 5595 498 5650 idololatriam
523 5594 574 5648 sub
587 5592 750 5648 Diocletiano
761 5590 953 5653 annitebatuu
979 5588 1104 5655 idemque

318 5664 419 5734 legitur
434 5665 461 5719 in
480 5662 618 5718 Breviario
643 5663 772 5718 Romano.
798 5659 906 5715 Falsum
931 5666 973 5713 est
988 5656 1097 5712 Donati·

319 5741 376 5789 stas
397 5734 469 5788 illum
494 5732 640 5788 Marcellini
654 5733 757 5802 lapsum
775 5742 828 5784 non
840 5728 987 5798 allegasse;
1019 5741 1098 5849 orpe-

318 5804 385 5859 hant
398 5804 506 5873 quidem
527 5815 558 5857 ea
578 5801 681 5856 ratione
695 5800 882 5869 Augustinum,
896 5798 942 5867 qui
967 5796 1055 5851 llarce
1066 5795 1094 5852 li·

318 5887 384 5929 nurn
401 5876 569 5928 innocentem
579 5871 784 5942 pronuntiauit:
800 5881 861 5922 crim
878 5876 966 5923 tuneo
980 5867 1030 5936 ipsi
1048 5867 1098 5920 Do

318 5943 426 5998 natiuae
437 5943 601 6005 llelciadem,
616 5941 661 6010 qui
676 5954 737 5995 cum
748 5936 901 5992 llarcellino
923 5937 974 5991 diis
994 5935 1097 5990 sacriti-

318 6027 398 6069 casse
412 6009 677 6079 denudationem
698 6008 863 6081 agnoverint.
880 6005 941 6061 lude
956 6003 1098 6061 concludas

1155 5178 1292 5251 [Noricum
1303 5174 1445 5247 llipenscl;
1456 5174 1501 5243 qui
1517 5190 1577 5229 curn
1589 5166 1617 5230 se
1630 5174 1733 5229 rideret
1747 5183 1902 5245 superatum
1921 5190 1948 5232 a¹¹

1156 5268 1291 5331 Floriano,
1300 5265 1380 5336 jussit
1393 5280 1454 5320 eum
1468 5263 1608 5333 capitalem
1621 5262 1710 5319 subire
1727 5264 1898 5329 sententiam,
1912 5270 1949 5316 et-

1156 5377 1251 5442 solum,
1270 5376 1326 5446 jam
1342 5373 1506 5444 temporibus
1516 5372 1657 5443 Augustini
1677 5373 1812 5428 rariosde
1826 5372 1947 5429 Marcel·-

1155 5447 1210 5503 lino
1226 5460 1335 5515 sparsos
1360 5458 1420 5499 esse
1433 5456 1563 5498 rumores.
1587 5442 1720 5512 Quidquid
1742 5442 1778 5496 sit
1791 5441 1825 5496 dc
1848 5440 1936 5509 lapsu,

1155 5516 1229 5597 Acta·
1246 5514 1353 5571 concilii
1366 5512 1533 5597 §inanescant
1557 5512 1584 5595 in
1613 5512 1712 5591 quihus
1728 5525 1772 5591 res
1796 5517 1935 5590 narratur,

1153 5578 1796 5721 inlaudatamtarsenae
1809 5577 1937 5715 einis

1151 5725 1202 5780 bus
1214 5722 1381 5780 Constantini
1395 5719 1482 5776 lucrm
1495 5720 1523 5775 iu
1536 5736 1595 5776 usn.
1607 5720 1685 5773 Dran.

1166 5845 1168 5848 .
1187 5792 1287 5850 bobio
1296 5789 1387 5847 Cletus
1397 5793 1442 5845 an.
1456 5790 1487 5846 ill
1501 5798 1547 5843 :at
1556 5785 1707 5860 persecutio
1719 5783 1873 5851 Domitiani,
1885 5784 1945 5840 sub:

1172 5878 1206 5919 uo
1215 5863 1271 5933 pati
1286 5860 1389 5926 debuit,
1406 5857 1518 5915 nonnisi
1532 5871 1603 5912 anno
1615 5854 1651 5911 95
1667 5854 1825 5924 repleret,
1838 5858 1940 5909 secum·

1152 5880 1216 5989 Sum
1236 5930 1410 5993 Toinardum,
1423 5944 1467 5983 an.
1480 5928 1524 5984 Di.
1538 5927 1616 5982 Basa.

1189 6013 1200 6042 t
1219 5999 1284 6057 Vide
1297 5998 1441 6055 Duronium
1455 5999 1492 6053 ,in
1507 5993 1706 6065 llartyrolopio.
