4500 6842
332 691 367 748 ιι
647 694 668 750 ι
697 688 824 751 imnum
843 686 952 752 ιιιιιιιι
970 680 1129 746 tncmsr.
1146 681 1299 770 uocum.
1319 681 1462 747 ortnur
1478 684 1569 745 rins
1586 683 1619 742 ιι.
1923 674 1962 739 tt

330 804 457 871 rimatis,
476 802 539 859 nott
563 811 627 860 sont
649 816 744 859 omnes
762 802 809 873 qai
827 801 1063 871 posterioresque
1084 797 1220 856 nonnos
1244 798 1403 853 docuerunt.
1429 796 1592 852 Studeamus
1613 794 1692 851 laetis
1716 793 1829 865 implere
1842 809 1904 864 quar
1924 792 1965 849 illi

331 905 446 952 mortem
463 895 652 951 confessisunt
668 892 817 949 Christum.
832 891 887 946 lios
899 889 1054 946 obtulerunt
1068 901 1119 957 po·
1166 883 1321 954 jusserunt;
1336 885 1473 941 disennms
1486 899 1580 940 eorum
1600 885 1723 954 exemplo
1740 885 1832 940 mundi
1852 883 1966 940 diritius

331 986 385 1059 puli
397 987 528 1059 gentiunt,
541 986 683 1055 dequibus
696 982 839 1037 Psalmista
863 990 927 1036 ante
939 979 1070 1043 ιιιιιιιιι,
1079 978 1121 1033 di-
1172 984 1355 1041 contemnere,
1362 975 1503 1047 presentis
1513 976 1604 1030 saecnli
1615 975 1778 1045 uoluptatem
1792 988 1846 1029 non
1857 988 1964 1041 ιιιιιιο,

331 1094 415 1135 cons:
433 1079 532 1148 Aperte
549 1076 661 1130 Dnrninn
682 1073 752 1143 filios
773 1072 885 1127 orimum
899 1068 986 1144 (Ptol.
1009 1068 1118 1138 xxrttt).
1170 1080 1283 1136 regnum
1305 1066 1416 1122 coeleste
1438 1064 1609 1129 desiderum
1630 1065 1740 1122 Christo
1763 1066 1830 1121 ntttt
1855 1080 1966 1136 praepo-

333 1169 381 1226 lils
393 1169 508 1240 primunr
523 1161 786 1229 contorserunt
808 1160 1004 1216 comessionem
1016 1158 1057 1214 sui
1069 1172 1119 1213 no-
1170 1173 1245 1223 nerc,
1262 1158 1309 1213 sed
1330 1158 1388 1228 ejus
1401 1157 1536 1213 mandatis
1561 1157 1589 1210 in
1603 1156 1729 1212 omnibus
1744 1157 1872 1221 obedire3
1895 1171 1966 1226 pau·

333 1261 415 1315 minis
427 1258 592 1319 hortaretur,
602 1270 655 1309 non
668 1252 756 1307 solnm
772 1265 801 1307 sc
810 1251 935 1320 promisit
945 1249 1064 1304 victorine
1075 1262 1122 1301 co-
1170 1256 1303 1317 portem
1316 1263 1407 1302 rernm
1430 1247 1603 1316 presentium
1629 1245 1751 1316 diligere,
1766 1247 1898 1303 virtutum
1923 1248 1966 1302 di·

333 1356 499 1409 ronatorcm,
515 1346 602 1400 sedet
619 1343 775 1399 certaminis
800 1340 960 1409 adiutorem.
981 1339 1069 1395 Etiam
1094 1339 1121 1393 ιιι
1171 1338 1252 1395 vitias
1267 1338 1378 1401 babere,
1393 1337 1533 1406 sapientire
1551 1337 1708 1391 thesaurum
1728 1346 1867 1407 appetere,
1885 1336 1968 1406 spiri-

335 1436 400 1506 ipsis
410 1444 438 1490 et
449 1445 572 1505 posteros
581 1434 753 1496 admonebat,
768 1433 813 1501 qui
828 1433 899 1502 qnod
915 1431 1034 1493 dicebat,
1056 1430 1123 1483 scri·
1172 1430 1241 1485 tales
1260 1429 1371 1484 delicias
1394 1440 1535 1497 quaeoere:
1555 1426 1619 1481 nulli
1641 1426 1780 1491 inridere,
1805 1426 1854 1481 sed
1870 1440 1968 1481 omnm

335 1534 410 1597 ptum
424 1525 540 1594 posteris
556 1540 578 1578 r,
586 1523 732 1592 linquebat.
746 1522 802 1577 illis
821 1537 885 1592 ergo
897 1521 955 1586 ιιι,
977 1521 1123 1574 exhortans
1173 1522 1295 1577 homines
1307 1519 1428 1588 diligere,
1445 1518 1547 1573 anticos
1561 1517 1589 1571 in
1604 1517 1668 1581 lieo,
1681 1525 1709 1572 et
1723 1516 1847 1571 inimicos
1856 1524 1968 1585 propter

334 1629 384 1670 eos
395 1633 402 1669 τ
415 1614 482 1670 Cum
494 1624 582 1669 antem
593 1614 730 1669 adducunt
745 1627 793 1668 ros
812 1611 846 1665 ad
859 1610 994 1681 principes
1003 1617 1031 1663 et
1050 1619 1124 1678 pote·
1174 1612 1269 1675 Deum,
1283 1611 1346 1680 quia
1360 1610 1418 1664 bac
1433 1618 1475 1664 cst
1500 1607 1558 1663 sola
1578 1622 1643 1662 tera
1657 1607 1786 1662 dilectio:
1811 1621 1874 1660 nam
1888 1622 1967 1660 amor

335 1705 522 1768 stutes,nolite
534 1705 655 1775 cogitare
670 1704 733 1773 quid
748 1702 944 1772 respondeatis,
954 1700 996 1755 rel
1008 1699 1072 1771 quid
1085 1698 1123 1752 lo·
1173 1700 1328 1757 carnaliset
1339 1698 1453 1754 uitiosus
1464 1699 1492 1752 ιιι
1512 1696 1690 1767 praecipitium
1705 1696 1790 1749 trabit
1808 1703 1836 1749 et
1856 1709 1968 1765 compa-

335 1795 466 1865 quamini.
483 1793 684 1848 Nortenimnou
706 1795 767 1847 eutis
781 1792 826 1862 qui
844 1790 996 1861 loquimini,
1012 1788 1124 1857 sedspi·
1174 1799 1250 1846 ratur
1271 1789 1349 1853 odio;
1369 1788 1440 1842 unde
1467 1785 1596 1856 scriptum
1622 1792 1686 1839 est:
1710 1783 1763 1850 Qui
1785 1782 1841 1836 rasit
1865 1784 1968 1837 unicus

336 1885 403 1938 ritrtr
428 1883 516 1936 Putris
536 1883 613 1936 nestri
633 1882 678 1951 qni
701 1880 816 1950 loquitur
838 1880 866 1933 in
884 1877 953 1932 nodis
965 1874 1122 1949 (lintris).
1174 1894 1228 1933 esse
1240 1876 1319 1947 ltnjus
1333 1874 1432 1941 seculi,
1446 1875 1569 1928 inimicus
1581 1872 1631 1926 tter·
1650 1872 1818 1927 constituitur
1833 1869 1904 1941 (lac.
1916 1869 1966 1942 rr).

338 1970 463 2027 Heditari
477 1971 572 2033 vetuit,
590 1978 616 2024 et
629 1969 751 2025 contitcri
774 1968 919 2039 praeoepit:
935 1966 1030 2020 maluit
1051 1966 1123 2019 euim
1174 1969 1221 2023 isti
1231 1982 1296 2037 ergo
1312 1966 1448 2035 principes
1459 1964 1553 2028 nostri,
1566 1962 1613 2018 llel
1624 1978 1717 2018 amore
1728 1962 1930 2032 perfectissimi,
1939 1971 1968 2017 ot

336 2061 443 2115 unlerre
469 2060 704 2129 presumptionem
718 2058 881 2119 ltttmttntttn,
907 2065 936 2109 et
948 2055 1061 2125 gratiam
1076 2053 1124 2107 ilii·
1175 2060 1358 2131 prouimorum
1371 2055 1514 2112 dilectione
1527 2053 1633 2125 repleti,
1645 2055 1707 2110 binc
1719 2063 1863 2123 potuerunt
1874 2055 1967 2108 mundi

337 2165 402 2204 nare
418 2149 552 2211 ditinum,
580 2158 609 2202 ιιι
631 2148 658 2201 ιιι
683 2146 834 2215 semetipsis
858 2144 962 2209 timidi,
980 2151 1006 2197 et
1025 2142 1052 2197 ιιι
1071 2142 1125 2196 beo
1139 2136 1163 2194 B
1177 2149 1307 2218 impetum
1317 2146 1427 2200 sineere
1440 2152 1468 2200 et
1476 2153 1619 2199 cruentum
1630 2143 1757 2199 saeculuttt
1772 2144 1893 2208 domare,
1902 2144 1966 2214 qnia

338 2239 451 2295 inissent
465 2240 591 2293 audaces.
607 2237 684 2294 Unde
703 2246 731 2292 et
745 2236 772 2291 in
786 2236 839 2291 alio
861 2235 964 2305 psalmo
979 2249 1030 2289 vor
1054 2249 1125 2287 mar-
1177 2240 1244 2296 nilrit
1255 2244 1413 2293 amaverunt
1428 2237 1455 2291 in
1469 2236 1542 2291 omni
1556 2250 1596 2303 re,
1614 2235 1667 2290 nisi
1682 2236 1726 2290 bet
1738 2235 1914 2291 voluntatem.
1928 2236 1967 2289 lta

337 2338 425 2401 tyrnm
440 2328 496 2383 neo
506 2328 580 2393 dicit,
596 2327 673 2396 quasi
688 2342 720 2382 et
732 2337 809 2397 parte
821 2328 946 2381 humanae
959 2323 1124 2396 fragilitatis,
1175 2339 1205 2388 st
1217 2346 1277 2396 nos,
1293 2328 1399 2393 tratres,
1414 2327 1557 2400 diligamur
1574 2328 1601 2381 tn
1622 2327 1749 2382 omnibns
1768 2325 1850 2382 rebus
1865 2324 1913 2381 [ter
1928 2326 1967 2379 sa.

337 2419 474 2473 verendo:
490 2416 569 2488 Eripe
581 2433 621 2471 nte
633 2417 666 2471 de
677 2417 789 2470 inimicis
802 2416 881 2481 meis,
908 2414 977 2469 deur
987 2431 1079 2480 meru
1099 2425 1125 2469 et
1176 2436 1239 2477 cere
1252 2420 1426 2484 voluntatem,
1441 2427 1470 2474 et
1481 2426 1634 2473 creatorem
1650 2425 1772 2473 nostrum
1794 2431 1916 2471 amemus
1939 2416 1968 2471 in

338 2515 371 2569 nb
397 2514 587 2583 inminentibus
612 2513 640 2566 in
661 2528 703 2566 nte
725 2511 807 2566 litero
828 2526 868 2565 nte
882 2507 968 2580 (Ptol.
981 2507 1072 2580 ιιιιι);
1098 2516 1127 2564 et
1176 2512 1332 2581 seoretipso,
1346 2517 1498 2565 creaturam
1513 2522 1578 2563 tero
1595 2508 1621 2561 in
1642 2508 1783 2563 conditore
1795 2520 1864 2562 suo:
1883 2514 1912 2560 ct
1927 2504 1969 2561 sic

298 2672 301 2677 .
339 2606 419 2677 paulo
433 2613 504 2675 post,
518 2604 553 2659 de
574 2602 674 2659 auxilio
687 2602 778 2658 divino
799 2599 947 2664 conlidens,
959 2598 1042 2653 dicit:
1060 2596 1126 2652 For·
1177 2603 1336 2659 bbbebimus
1360 2598 1588 2655 ordinatissimam
1604 2598 1783 2661 cleritatem,
1810 2597 1873 2667 qnia
1897 2597 1971 2652 oens

337 2695 476 2749 titudinem
489 2710 583 2757 neam,
598 2692 718 2757 Domine,
734 2700 785 2745 an
797 2690 942 2744 custodiam
958 2687 1061 2760 (iiii-l·
1075 2686 1127 2742 Su·
1177 2692 1297 2749 cornus
1310 2702 1362 2758 est,
1377 2702 1406 2747 et
1416 2691 1462 2763 qut
1476 2692 1562 2763 nittgn
1581 2693 1652 2747 nane
1664 2691 1853 2754 utteenonen,
1878 2690 1971 2761 attigit

338 2798 387 2855 nra
404 2793 515 2840 oneras
528 2783 600 2840 enim
621 2781 712 2837 turbas
727 2780 845 2837 fidelium
866 2794 916 2835 nee
934 2794 987 2834 non
1005 2779 1128 2849 annquo-
1178 2786 1280 2852 neum
1295 2794 1323 2842 et
1335 2786 1358 2842 st
1370 2786 1407 2841 na
1419 2785 1614 2851 direxerimus,
1636 2786 1723 2856 otttgn
1746 2799 1796 2840 nos
1815 2784 1872 2854 ipse
1886 2784 1969 2852 neris,

338 2891 398 2932 rum
407 2874 541 2946 justorum
554 2885 582 2932 et
598 2876 800 2945 prophetarum,
819 2873 968 2929 eminentes
993 2872 1128 2943 apostolos
1178 2877 1293 2949 diligunt
1305 2886 1333 2932 et
1347 2893 1397 2934 nos
1411 2878 1496 2933 sancti
1512 2877 1624 2947 apostoli
1641 2875 1747 2946 judiees
1758 2874 1854 2940 nostri,
1868 2883 1896 2929 ct
1906 2889 1972 2929 exo·

338 2980 402 3024 Suos
416 2968 506 3021 voletis
522 2966 652 3021 Domitius
665 2966 818 3030 ostendere,
833 2964 899 3020 dixti
912 2964 946 3020 ad
959 2962 1129 3019 illodtflddit'
1178 2978 1241 3026 rant
1254 2986 1304 3041 pro
1317 2972 1490 3038 nobis‚rrtin
1508 2963 1652 3025 universali
1676 2967 1780 3040 judicio
1793 2967 1894 3024 Christi
1907 2981 1971 3021 cum

337 3056 406 3112 oculi
428 3057 472 3126 qni
495 3056 582 3109 vident
600 3072 659 3126 qrtte
679 3072 722 3110 ons
737 3055 843 3119 uidetis,
866 3063 891 3109 et
912 3070 989 3108 nureo
1002 3070 1060 3125 qun
1077 3070 1128 3107 nn·
1179 3061 1246 3131 ipsis
1260 3062 1287 3116 in
1307 3069 1466 3133 perpetuum
1488 3076 1667 3117 compensum
1683 3059 1756 3131 quod
1769 3058 1826 3129 ipse
1841 3067 1973 3128 prmum

337 3148 412 3201 diunt
431 3163 490 3216 nutu
506 3163 547 3200 uos
569 3146 688 3201 cuditis:
702 3146 777 3201 inulti
794 3148 863 3201 eninr
878 3148 1009 3218 propltttoe
1026 3156 1050 3201 et
1059 3147 1128 3217 justi
1179 3152 1305 3222 dignetur
1313 3149 1396 3220 judex
1406 3157 1435 3206 et
1453 3149 1583 3205 Dominus
1595 3156 1695 3211 noster,
1711 3147 1758 3217 qui
1770 3162 1832 3202 cum
1853 3144 1934 3199 Putre
1944 3152 1975 3199 ei

339 3236 472 3291 noluerunt
484 3236 569 3290 uidere
578 3251 637 3305 qute
656 3252 699 3290 nos
718 3236 817 3299 uidetis,
832 3244 857 3290 et
883 3251 935 3290 non
958 3236 1091 3301 domun
1104 3244 1129 3290 et
1180 3239 1284 3313 spiritu
1298 3249 1393 3297 saneto
1407 3241 1474 3295 sirit
1486 3248 1514 3296 et
1534 3248 1629 3313 regirat
1646 3238 1730 3304 Dens,
1745 3253 1796 3309 per
1816 3238 1909 3294 omnia
1921 3250 1975 3293 ω-

338 3324 431 3378 audire
449 3340 507 3394 qun
527 3324 643 3390 cuditis,
666 3333 690 3378 et
711 3341 763 3379 non
786 3324 925 3379 audierunt
949 3322 1024 3397 (Lus.
1041 3324 1080 3397 r).
1096 3325 1130 3381 Et
1180 3331 1241 3386 cula
1259 3331 1538 3388 soeculorumdmen.

339 3416 403 3469 item
417 3416 479 3471 alibi
493 3434 499 3470 ε
514 3416 594 3480 loru,
614 3417 716 3485 incutit,
731 3433 782 3470 non
793 3417 879 3471 dicum
890 3433 935 3472 nos
945 3434 1047 3483 remos,
1067 3419 1130 3489 quin
1433 3443 1573 3499 flofflffl
1591 3442 1712 3499 mvl·

338 3522 426 3560 seruus
442 3508 522 3560 rnreit
543 3506 605 3576 quid
628 3505 709 3575 [aciat
733 3506 855 3561 dominus
881 3506 948 3576 ejus.
967 3505 1018 3563 l'or
1041 3516 1130 3561 anton
1413 3528 1440 3569 tn
1459 3529 1558 3569 terrent
1577 3527 1735 3569 mernor.

338 3595 396 3651 diui
408 3597 525 3663 amicos,
547 3597 610 3667 quio
625 3597 712 3651 omnin
726 3612 885 3668 quecunque
906 3597 996 3651 oudini
1013 3614 1030 3651 n
1050 3595 1132 3654 Patre
1216 3602 1285 3671 Quia
1312 3603 1383 3658 beati
1412 3604 1538 3674 martyris
1561 3601 1660 3657 natalis
1683 3600 1763 3657 hodie
1790 3600 1881 3656 illuxit
1902 3600 1975 3669 dies,

339 3703 407 3753 rnen,
423 3697 484 3742 notu
498 3687 548 3758 feci
564 3688 633 3742 tretis
649 3685 739 3759 (donn.
754 3685 811 3756 ιι).
829 3686 936 3742 Eisdem
950 3685 989 3742 ait
1000 3686 1064 3741 item
1078 3686 1132 3743 alio
1180 3707 1260 3765 quern
1274 3694 1422 3759 uobiscum,
1434 3691 1531 3748 iratres
1545 3691 1708 3755 charissimi,
1721 3690 1804 3746 soluit
1819 3705 1869 3746 nos
1879 3689 1974 3747 Domi-

340 3777 418 3835 ioco:
438 3778 604 3850 Qidiitiiliii
621 3778 791 3849 illidiim'ii'i
816 3794 894 3856 W?
914 3789 1027 3845 motu,
1054 3789 1131 3835 edidi
1180 3803 1232 3843 nus
1242 3787 1391 3851 celebrare,
1403 3785 1524 3855 aliquid,
1550 3785 1666 3840 donante
1682 3783 1744 3848 illo,
1766 3784 1799 3838 de
1821 3791 1974 3855 martyrum

340 3868 423 3940 iipntn
444 3878 467 3922 et
480 3868 508 3922 in
521 3868 584 3923 coelo
608 3866 717 3939 (ilnttlt.
737 3868 828 3940 xrrn).
845 3866 911 3924 ltcm
935 3868 998 3925 alibi
1021 3868 1128 3942 (datin.
1181 3878 1265 3951 gloria
1276 3888 1303 3933 et
1314 3878 1442 3948 patientia
1465 3877 1638 3933 disseramus.
1652 3877 1743 3933 Gloria
1761 3876 1869 3946 quidem
1892 3892 1975 3931 mun·

341 3955 410 4027 urs),
426 3957 575 4011 sciscitanti
592 3956 673 4013 Petro
696 3956 761 4027 qnid
776 3957 867 4013 sibiet
891 3957 972 4013 sociis
989 3958 1045 4014 suis
1069 3974 1132 4028 pro·
1180 3968 1250 4023 daria
1274 3968 1308 4022 ab
1322 3965 1388 4037 ipsis
1401 3976 1617 4037 contemptuosi,
1630 3975 1657 4023 et
1678 3968 1738 4022 ideo
1756 3966 1885 4022 ontientia
1910 3982 1976 4037 pro-

306 4120 310 4129 ·
339 4048 437 4106 fuisset
458 4049 601 4119 reliquisse
617 4049 708 4104 omnia
727 4049 842 4119 iiiidui
855 4048 1074 4120 Ridimbioiims
1088 4064 1131 4104 ii·
1181 4057 1243 4112 batn
1262 4065 1404 4112 estruem
1425 4057 1617 4128 gloriationum
1641 4057 1797 4113 abscondita
1821 4056 1924 4112 latebat
1945 4056 1976 4112 in

338 4140 447 4211 spondit
460 4139 570 4195 dicens:
584 4138 667 4194 dotent
678 4139 737 4194 dico
758 4140 828 4194 rodis
844 4140 914 4210 qnod
926 4157 969 4194 nos
990 4141 1036 4210 qni
1049 4142 1133 4204 secuti
1179 4146 1276 4210 coelis,
1299 4146 1362 4217 quia
1380 4146 1508 4217 patientia
1525 4161 1618 4201 eorum
1633 4147 1809 4201 exercebatur
1832 4146 1860 4201 in
1875 4147 1975 4215 terris;

339 4230 401 4287 estis
415 4246 472 4295 ine,
486 4231 514 4284 in
529 4231 722 4299 repensatione
737 4247 796 4285 cunt
808 4231 902 4285 sederit
918 4230 1004 4287 Filius
1018 4234 1130 4288 imminit
1180 4240 1227 4309 qui
1249 4254 1301 4294 non
1321 4239 1449 4294 exhorret
1462 4252 1556 4293 eorum
1579 4238 1756 4309 patientium,
1781 4238 1921 4307 perveniet
1940 4236 1977 4295 ad

341 4320 369 4375 ιιι
386 4320 445 4374 rede
464 4320 608 4390 majestatis
628 4339 702 4387 tunt,
724 4325 844 4378 adstitit
864 4334 887 4379 et
901 4342 944 4380 ons
965 4342 1042 4395 super
1058 4324 1130 4379 sedes
1181 4328 1303 4400 gloriam.
1320 4327 1426 4383 Miseria
1437 4329 1508 4383 enim
1519 4337 1628 4398 putatur
1640 4328 1696 4398 pati
1711 4329 1777 4383 dura
1794 4336 1823 4382 et
1833 4342 1930 4397 aspera
1945 4328 1975 4383 ιιι

341 4408 478 4462 duodecim
488 4407 638 4477 jrdt'cmttes
652 4409 789 4463 duodecim
799 4411 882 4465 tribus
900 4410 1051 4466 intendisti
1068 4420 1131 4467 suut
1181 4434 1274 4483 earne,
1286 4418 1348 4489 quia
1364 4432 1458 4473 revera
1475 4417 1615 4473 molestum
1641 4423 1697 4482 est3
1718 4416 1769 4472 uisi
1792 4424 1866 4471 esset
1886 4416 1977 4472 omni·

342 4498 495 4553 luxmundi
514 4500 620 4567 (ilntttt.
634 4501 673 4565 vl,
692 4502 754 4572 quin
769 4517 819 4573 per
833 4503 904 4572 ipsos
925 4503 1014 4557 lumen
1031 4504 1091 4558 lidei
1104 4511 1132 4558 et
1181 4508 1232 4564 bns
1250 4508 1414 4572 molestum,
1447 4522 1500 4562 non
1528 4515 1602 4561 esset
1625 4506 1787 4576 martyribus
1813 4504 1976 4577 gloriosum.

341 4604 413 4644 verre
425 4590 544 4644 scientiae
558 4591 673 4660 primum
686 4592 814 4648 Dominus
826 4593 887 4647 huic
900 4594 999 4648 mundo
1011 4595 1129 4659 tradidit,
1182 4597 1271 4654 diuitis
1283 4611 1348 4666 ergo
1359 4595 1468 4651 lascivis
1489 4596 1618 4651 clavaris
1639 4604 1775 4666 martyres
1798 4595 1886 4651 sancti
1902 4597 1977 4651 insa-

341 4690 370 4737 et
383 4683 417 4737 ab
427 4697 549 4735 errorum
565 4698 597 4737 nc
618 4692 789 4753 peccatorum
806 4684 924 4739 tenebris
937 4693 1032 4754 gentes
1043 4694 1070 4739 et
1082 4700 1130 4755 po·
1181 4688 1240 4742 nire
1253 4686 1303 4741 risi
1316 4695 1389 4751 sunt,
1402 4687 1509 4756 quando
1522 4701 1572 4756 pro
1586 4685 1686 4742 Christi
1709 4686 1818 4741 nomine
1835 4693 1912 4740 tarrta
1928 4702 1977 4757 pa·

340 4772 418 4843 pulos
430 4774 509 4828 eruit.
523 4775 568 4829 lsti
582 4784 644 4829 sunt
657 4773 696 4830 sol
715 4782 804 4839 terrm,
818 4775 881 4842 quia
900 4790 951 4845 per
963 4776 1036 4845 ipsos
1050 4775 1130 4830 terri·
1183 4778 1318 4834 tiebantur
1332 4794 1339 4830 :
1355 4788 1383 4832 et
1408 4791 1469 4832 eum
1494 4792 1600 4847 semper
1613 4777 1746 4832 veraciter
1764 4776 1977 4845 confitebantur,

342 4878 416 4935 genae
426 4864 625 4919 condimentum
637 4864 741 4936 saporis
751 4865 812 4919 titre
822 4871 931 4920 retenm
941 4874 1130 4936 perceperunt,
1144 4839 1171 4901 Ῑ)
1183 4877 1213 4923 nt
1224 4884 1289 4939 ergo
1302 4875 1431 4939 negarent
1446 4869 1619 4939 urgebantur.
1634 4868 1687 4921 Alii
1703 4882 1768 4922 rero
1779 4868 1864 4939 uirgis
1886 4876 1916 4923 et
1929 4868 1979 4924 ιιι-

341 4960 372 5007 ut
382 4954 575 5024 restringerent
588 4956 677 5011 carnis
690 4954 838 5020 lasciuiam,
850 4963 878 5010 et
890 4969 905 5008 a
915 4954 1056 5025 putredine
1069 4969 1132 5025 pec·
1183 4958 1259 5031 gellis
1274 4958 1424 5013 diutissime
1440 4966 1504 5012 sunt
1514 4957 1660 5022 uerberati,
1669 4956 1713 5026 alii
1726 4957 1840 5011 lustibus
1852 4965 1880 5011 et
1892 4958 1979 5028 plum

342 5054 464 5100 catorum
486 5053 514 5100 et
536 5044 662 5100 vitiorum
688 5045 824 5102 vermibus
847 5054 1020 5101 servarentur
1044 5045 1131 5100 illaesi.
1182 5045 1253 5102 batis
1265 5048 1339 5112 caesi,
1351 5046 1396 5100 alil
1408 5046 1578 5101 membratim
1595 5045 1755 5110 laniati,alii
1769 5046 1858 5114 gladio
1880 5047 1978 5112 oretst,

341 5131 388 5189 lsti
403 5141 464 5187 sunt
476 5131 616 5190 duodecim
632 5134 733 5203 lapides
756 5133 876 5204 pretiosi,
892 5149 960 5204 quos
987 5135 1013 5189 in
1037 5134 1133 5190 lunda·
1183 5138 1228 5194 alii
1243 5137 1385 5203 excoriati,
1400 5138 1460 5207 pice
1477 5146 1504 5192 et
1528 5138 1637 5208 plumbo
1659 5138 1761 5207 liquato
1789 5135 1913 5207 periuri,
1932 5139 1978 5194 alii

343 5230 434 5277 mento
445 5221 564 5277 coelestis
575 5221 681 5278 aediircii
702 5225 805 5293 positos
819 5222 936 5281 loannes
961 5224 987 5279 ιιι
999 5224 1133 5296 Apocaly·
1183 5228 1280 5285 ardore
1298 5243 1446 5297 prunarum
1471 5228 1602 5293 cruciati,
1618 5228 1663 5283 ulii
1685 5228 1801 5284 llammis
1813 5230 1917 5295 eruisti,
1932 5230 1978 5287 alii

345 5312 386 5383 psi
402 5327 450 5367 sun
465 5313 594 5368 describit
607 5312 698 5386 (Aper.
714 5313 781 5382 xm),
793 5315 855 5384 quia
866 5315 1021 5385 predicatio
1041 5330 1134 5370 eorum
1186 5319 1214 5373 in
1229 5332 1306 5372 mare
1326 5315 1418 5381 mersi,
1433 5315 1479 5371 alii
1497 5316 1590 5370 bestiis
1614 5316 1749 5386 deputati,
1774 5316 1819 5372 aiii
1836 5333 1979 5374 carcerum

344 5402 473 5459 Ecclesiae
487 5402 659 5457 fundamenta
686 5402 794 5458 locarit.
815 5403 890 5460 Unde
911 5412 938 5460 ct
958 5403 1057 5459 Paulus
1078 5405 1134 5458 ait:
1185 5417 1249 5465 sunt
1262 5409 1375 5463 horrore
1388 5414 1415 5462 et
1426 5405 1499 5461 lanne
1512 5407 1612 5461 necati.
1626 5405 1696 5473 Quot
1710 5407 1780 5460 enim
1794 5420 1938 5477 poenarum
1951 5416 1981 5464 et

350 5497 401 5554 l'ot
412 5500 473 5554 estis
483 5500 549 5553 niues
559 5508 708 5553 sanctornm
721 5508 744 5553 et
757 5499 890 5554 domestici
909 5498 958 5553 diei
970 5512 979 5551 .·
993 5498 1136 5570 superedi-
1186 5497 1315 5554 mortium
1334 5512 1432 5566 garrera
1447 5496 1532 5551 bostis
1545 5497 1699 5567 excogitare
1719 5503 1835 5566 poterat,
1852 5506 1892 5551 tot
1907 5514 1981 5552 ntur·

344 5589 416 5659 fiunti
441 5604 518 5658 snper
539 5587 738 5656 {undamentum
759 5588 935 5659 apostolorum
953 5598 978 5642 et
999 5590 1136 5658 propinetu-
1186 5589 1292 5659 tyribus
1302 5588 1360 5644 sine
1371 5587 1423 5642 ulla
1437 5588 1610 5642 miseratione
1620 5587 1776 5658 indigebatt
1793 5588 1841 5642 sed
1851 5586 1903 5657 ipsi
1917 5586 1984 5643 limet

346 5694 403 5732 rum
415 5676 495 5750 (liptr.
509 5676 550 5747 ιι).
567 5677 613 5732 lsti
634 5686 697 5733 sunt
721 5678 860 5734 duodecim
883 5688 968 5749 portte
985 5677 1135 5735 Jerusalem
1188 5681 1215 5732 iu
1231 5686 1324 5747 aperto
1337 5677 1653 5746 horridapnterentur,in
1663 5676 1770 5733 occulto
1782 5685 1871 5731 tamen
1886 5677 1982 5733 inrita·

346 5784 432 5834 norae,
443 5785 502 5839 qum
515 5768 547 5823 de
558 5768 627 5824 coelo
641 5768 864 5838 descenditque
880 5784 928 5840 per
942 5769 1015 5839 ipsos
1023 5769 1135 5840 januam
1186 5767 1278 5823 biliter
1287 5768 1495 5823 coronabantur.
1507 5765 1581 5821 llulti
1595 5766 1703 5836 qttitlem
1717 5766 1828 5835 gloriam
1840 5777 1983 5822 terrenam

347 5859 408 5917 lidei
422 5860 538 5930 primum
552 5858 730 5924 intravimus,
756 5866 784 5913 et
802 5858 959 5915 intercisos
982 5872 1135 5915 sanctorum
1188 5858 1361 5928 quesierunt,
1370 5858 1445 5912 multi
1459 5857 1510 5911 riri
1526 5856 1608 5911 lortcs
1618 5865 1646 5909 ct
1660 5872 1709 5925 pro
1719 5854 1806 5926 patria
1820 5857 1983 5925 sanguinem

346 5949 495 6007 enumerati
517 5964 621 6007 mamus.
635 5948 698 6005 itare
716 5963 782 6019 ergo
803 5948 1018 6015 considerantes,
1037 5948 1138 6005 iratres
1188 5948 1352 6003 tundendum
1365 5963 1426 6004 esse
1441 5948 1577 6003 duxerunt
1590 5963 1639 6001 nec
1653 5947 1764 6001 lrtrnlcre
1776 5948 1984 6010 dubitaverunt,

347 6040 518 6109 clarissimi,
544 6039 694 6097 recolamus
717 6056 777 6112 qum
792 6041 859 6097 tanti
880 6041 963 6102 duces
982 6043 1072 6114 populi
1087 6043 1136 6098 bei
1188 6041 1235 6111 qtti
1248 6040 1361 6112 gloriam
1376 6040 1458 6095 etiam
1474 6046 1536 6108 post
1549 6048 1662 6094 ruorteru
1675 6037 1746 6108 apud
1758 6045 1884 6107 posteros
1898 6038 1984 6094 bobe-
