4500 6842
305 705 341 763 m
393 683 398 690 '
761 680 914 749 uenturis
934 689 977 745 nu
996 687 1116 744 essars
1133 685 1338 755 ιιιιοιιιιιιι.Ι
1355 683 1433 744 rac.
1894 683 1928 739 st

304 822 462 875 sanetmum
478 823 587 865 errorum
601 806 721 862 eminere
735 805 818 870 lecit,
837 818 906 873 quos
921 811 975 857 ‘suo
989 800 1092 869 iudicio
1106 804 1129 862 Α
1144 813 1193 853 noe
1205 798 1352 863 babemus,
1367 798 1459 870 quales
1473 797 1554 852 dures
1566 796 1705 869 religionis
1715 804 1823 861 nostrae,
1834 796 1928 866 quales

307 904 334 959 ln
347 910 450 957 tantam
465 897 576 970 gloriam
589 894 725 951 exaltavit.
741 892 808 947 Nam
824 893 917 956 Poro,
933 892 1004 946 sieut
1021 889 1092 944 bono
1143 888 1278 957 adjutores
1292 889 1383 960 gandii
1396 888 1492 943 nostri.
1507 887 1540 941 Et
1557 887 1618 943 lrleo
1635 886 1848 956 quotiescunque
1862 899 1926 940 san·

305 990 496 1066 dispensatori,
521 987 624 1045 clarem
644 986 719 1056 regui
743 984 862 1041 eoelestis
882 982 974 1047 dedit3
997 979 1090 1044 Paulo,
1142 985 1247 1031 ctorum
1264 975 1444 1046 apostolorum
1462 975 1519 1031 sive
1542 981 1691 1045 martyrum
1704 971 1805 1028 Cirrlsti
1825 984 1929 1027 raemo-

306 1093 437 1154 ranquam
461 1080 559 1136 idoneo
577 1076 680 1132 docimi
700 1074 881 1144 magisterium
904 1071 1093 1128 eedesiasticae
1143 1065 1211 1119 riam
1224 1064 1402 1128 celebramus,
1415 1063 1738 1134 pretennissisomnibus
1751 1060 1842 1117 saeeub
1857 1061 1926 1117 aotl-

305 1171 484 1232 institutiouis
497 1167 639 1239 iniunxit:
662 1166 764 1224 scilieet
777 1173 807 1220 ιιι
820 1164 951 1236 quasiste
964 1162 1094 1218 erudierit
1143 1154 1276 1219 humine
1292 1153 1382 1224 ²¹itl¹¹³
1398 1152 1526 1210 (iillum
1549 1168 1752 1210 mummi·
1775 1152 1929 1207 “liddam
1971 1217 1973 1219 ,

305 1262 483 1328 adsalutem,
503 1258 548 1315 ille
568 1255 697 1327 suscipiat
716 1256 751 1309 ad
770 1254 905 1325 quietem
926 1259 956 1307 ιιι
978 1267 1092 1323 rproruru
1142 1244 1196 1300 illis
1209 1242 1452 1309 homiifloetiifflr
1463 1244 1509 1313 qui
1525 1244 1601 1298 ¹¹⁰¹>ss
1613 1242 1725 1298 iilum
1737 1241 1929 1312 mimum

304 1354 387 1411 norda
399 1351 502 1408 Paulus
514 1347 679 1421 patefaceret
689 1346 811 1403 doctrina
827 1343 986 1406 verborum,
998 1354 1093 1396 eorum
1142 1334 1185 1390 aui
1196 1333 1334 1405 unguinis
1347 1341 1519 1403 pepererunt,
1535 1333 1581 1403 qui
1596 1341 1724 1402 tanquam
1737 1339 1873 1387 ιιιιιιιιιι
1883 1331 1922 1386 lvo

305 1442 447 1498 animabus
457 1440 555 1497 Petrus
569 1437 672 1508 aperiat
682 1450 762 1507 regna
777 1433 915 1490 ooelorum.
928 1430 1020 1500 itaerre
1030 1430 1093 1485 bea-
1142 1424 1222 1480 stiam
1232 1438 1282 1494 pro
1291 1432 1385 1480 nostra
1394 1424 1583 1493 propitiatione
1593 1436 1622 1478 ae
1634 1421 1750 1478 Domino
1761 1421 1929 1487 obtulerant,

305 1543 351 1588 ms
364 1522 1094 1590 eermserrautuseminenrrueruniversosanovto
1142 1516 1291 1586 amictum
1315 1515 1464 1572 eumenii
1487 1516 1521 1570 al
1543 1522 1652 1572 ranem
1677 1514 1930 1584 rumentinam

305 1621 362 1686 los,
380 1630 410 1676 et
432 1619 561 1691 peculiari
587 1617 704 1689 quadarn
729 1614 906 1686 praerogativa
926 1610 1091 1683 precellunt.
1142 1606 1229 1662 bens:
1242 1605 1478 1672 Qaiooairoaorut,
1492 1607 1668 1672 meioaoratr
1681 1607 1928 1677 naaimarperrrit,

305 1712 406 1768 Veram
416 1711 487 1766 iuter
499 1711 572 1781 ipsos
584 1708 645 1779 quis
656 1707 699 1762 oui
711 1712 881 1778 preponatur
894 1704 1028 1759 incertum
1039 1709 1092 1756 est.
1142 1714 1183 1752 me
1192 1699 1290 1767 meruit
1302 1697 1378 1771 (Lae.
1392 1698 1432 1767 x).
1443 1698 1613 1755 donaremus
1626 1700 1875 1768 sanctosapostolos
1889 1706 1931 1753 at·

304 1803 375 1858 Ριιιι
391 1802 465 1857 enirn
488 1799 549 1856 illos
570 1797 760 1869 aequalesesse
773 1794 887 1860 meritis,
910 1792 957 1863 qui
977 1791 1094 1862 equales
1142 1801 1196 1856 que
1206 1786 1445 1858 martyrescbristi
1455 1787 1529 1845 cultu
1539 1787 1657 1845 eelebri:
1672 1789 1836 1845 honoremus
1846 1788 1931 1843 laudi·-

304 1903 370 1952 sunt
383 1894 523 1965 passioue;
539 1900 568 1947 et
586 1890 668 1947 simili
683 1905 732 1946 eos
746 1887 806 1944 sarlei
823 1886 963 1943 devotime
981 1884 1093 1951 vixisse,
1142 1879 1204 1943 bus,
1211 1880 1374 1935 honoremus
1383 1878 1535 1944 deuotione,
1544 1879 1709 1935 honoremus
1720 1887 1750 1933 et
1761 1878 1929 1943 imitationem

306 2001 377 2056 quos
391 1984 472 2040 simul
482 1983 605 2039 ridemus
616 1980 651 2037 ad
665 1979 788 2051 martyrii
799 1977 912 2049 gloriam
925 1975 1091 2046 pervenisse.
1142 1976 1170 2027 et
1188 1969 1227 2025 sio
1244 1984 1293 2040 per
1310 1984 1404 2025 eonrm
1422 1968 1571 2025 orationem
1589 1970 1775 2038 perveniemus
1793 1969 1828 2024 ad
1841 1967 1931 2037 gaudii

305 2076 366 2132 Non
378 2075 452 2131 enim
466 2075 618 2131 sinecausa
630 2072 730 2128 iactum
741 2078 865 2141 putemus
879 2068 951 2139 quod
970 2081 1023 2122 una
1036 2066 1091 2130 die,
1143 2062 1262 2132 ipsorum
1282 2070 1439 2131 perpetuam
1453 2062 1626 2126 socieutem3
1643 2069 1786 2131 praestante
1802 2062 1855 2116 boe
1880 2074 1927 2113 aar·

305 2182 360 2221 uno
377 2166 404 2220 in
425 2164 495 2229 loco,
517 2163 597 2219 unius
622 2161 728 2233 tyranni
749 2158 897 2215 toleravere
921 2157 1091 2213 senentiam.
1108 2135 1218 2208 liotore
1231 2161 1260 2206 et
1270 2152 1398 2223 largitore
1408 2152 1528 2206 omnium
1540 2151 1672 2207 bonorum
1687 2151 1820 2215 Domino,
1834 2148 1932 2204 videli-

307 2255 367 2313 buo
380 2254 424 2310 die
437 2253 508 2324 passi
529 2260 602 2318 sunt,
613 2259 644 2307 ut
657 2251 691 2306 ad
705 2249 842 2306 Christum
857 2246 960 2316 pariter
969 2244 1094 2315 perveni·
1145 2255 1188 2301 oet
1203 2244 1267 2317 iesu
1281 2243 1398 2310 Christo,
1411 2245 1457 2313 qui
1470 2258 1532 2299 eum
1543 2245 1625 2300 Patre
1637 2244 1740 2299 visitet
1755 2251 1850 2315 regnat
1860 2242 1932 2300 liena

306 2354 384 2409 rent3
398 2359 452 2398 uno
466 2343 493 2397 irr
506 2342 581 2406 loco,
595 2355 628 2395 ne
643 2339 719 2393 alteri
734 2336 819 2392 Roma
834 2336 957 2399 deesset;
975 2332 1027 2388 sub
1039 2346 1094 2387 uno
1145 2337 1172 2391 in
1185 2336 1288 2391 unitate
1300 2333 1417 2405 Spiritus
1429 2336 1533 2399 saneti,
1546 2350 1595 2405 per
1606 2336 1696 2390 omnia
1708 2334 1805 2390 secula
1819 2332 1931 2391 ιιιιιιϋ-

305 2442 495 2506 persecutore,
516 2440 545 2486 ut
568 2429 679 2501 aqualis
695 2425 841 2483 crudelitas
863 2431 1006 2492 utrumqne
1030 2434 1095 2476 con·
1146 2440 1215 2479 rum.
1231 2424 1326 2480 Amen.

306 2525 473 2595 stringeret:
491 2522 549 2576 dies
570 2535 635 2592 ergo
653 2534 702 2588 pro
715 2515 832 2580 merito,
846 2513 922 2569 locus
932 2526 982 2582 pro
994 2509 1093 2582 gloria,
1397 2516 1539 2574 nomm
1558 2518 1676 2574 xxiiii,

305 2620 462 2684 persecutor
488 2610 614 2665 decretrrs
642 2615 685 2663 est
709 2621 758 2677 pro
776 2605 885 2658 virtute.
920 2600 954 2655 Et
983 2600 1011 2656 in
1040 2613 1095 2669 quo
1344 2626 1372 2667 rn
1391 2626 1489 2667 iiiiii
1509 2625 1618 2666 ,incipi
1638 2624 1739 2665 iiim,

307 2704 415 2759 tandem
442 2702 501 2758 loeo
523 2700 680 2773 martyrium
700 2696 884 2769 pertulerunt?
909 2693 938 2750 ln
961 2693 1028 2749 urbe
1041 2692 1095 2748 lio-
1180 2701 1264 2758 Adai
1277 2701 1373 2768 nobis,
1392 2700 1577 2765 dilectissimi,
1596 2707 1705 2769 optatus
1725 2697 1783 2754 dies
1795 2698 1882 2753 beatae
1900 2711 1931 2751 ac

306 2812 402 2859 mana,
428 2809 487 2864 qrtae
511 2793 690 2863 principatum
717 2799 744 2846 et
768 2798 850 2860 caput
871 2789 975 2844 obtinet
1003 2787 1094 2842 natio·
1144 2791 1305 2849 venerabilis
1319 2806 1425 2863 semper
1435 2789 1546 2862 virginis
1555 2785 1741 2844 Uariaezidao
1752 2801 1814 2844 cum
1828 2802 1931 2843 summa

307 2899 371 2937 unrn
396 2901 404 2936 z
427 2882 531 2937 scilicet
556 2890 586 2935 ut
612 2880 657 2934 ubi
681 2887 762 2949 eaput
789 2878 990 2947 superstitionis
1016 2885 1093 2942 erat,
1144 2883 1323 2939 exsultatione
1340 2883 1456 2956 gaudeat
1470 2891 1541 2937 terra
1558 2889 1651 2936 nostra
1671 2887 1754 2935 tante
1767 2878 1880 2949 virginis
1899 2878 1931 2932 il-

307 2976 362 3032 lllie
375 2983 456 3045 eaput
474 2973 628 3043 qrrieseeret
644 2970 817 3032 sanctitatis;
844 2977 872 3024 et
890 2969 935 3023 ubi
956 2966 1095 3038 gentilium
1145 2974 1257 3031 lustrari
1271 2974 1423 3040 panvinio,
1436 2984 1464 3030 ei
1477 2987 1525 3044 per
1537 2971 1615 3042 iujai
1625 2980 1732 3041 paim„
1746 2976 1867 3024 niumm·
1882 2983 1932 3024 ῃ.

306 3067 443 3139 principes
472 3063 643 3127 babitarent,
675 3061 731 3115 illic
755 3059 934 3115 Eoelesiarurn
959 3058 1096 3128 principes
1146 3063 1557 3137 inrapiaerornmqnadeletnr
1572 3061 1690 3131 eteulpa
1705 3078 1711 3115 :
1725 3059 1838 3130 praecisa
1854 3056 1933 3129 [pre-

306 3165 488 3212 morarentur.
507 3153 588 3225 Cuius
606 3162 696 3208 auteur
713 3152 799 3206 nrcriti
814 3152 869 3206 siut
882 3149 1029 3205 beatissimi
1043 3147 1096 3204 re·
1144 3154 1242 3227 deum]
1261 3161 1303 3211 eat
1321 3168 1437 3223 namque
1454 3154 1481 3207 in
1503 3167 1536 3208 ea
1558 3151 1623 3207 illnd
1650 3150 1747 3207 divinae
1766 3147 1934 3204 infelicitatis

307 3252 366 3298 trus
390 3251 418 3298 et
440 3241 560 3308 Patulus,
589 3243 653 3298 binc
677 3255 820 3313 possumus
848 3238 998 3309 intelligere
1023 3238 1095 3308 quod
1144 3246 1258 3316 eligium
1277 3246 1348 3314 qnod
1370 3243 1436 3299 dicit
1457 3261 1464 3298 :
1483 3241 1517 3296 ln
1539 3242 1647 3297 tristitia
1665 3241 1751 3312 parier
1765 3237 1849 3309 filios,
1870 3238 1934 3307 qaia

308 3333 438 3387 ltominus
463 3332 581 3388 Orientis
612 3334 748 3404 regionem
781 3333 888 3402 propria
920 3328 1095 3385 illustraverit
1144 3343 1196 3399 ιω
1215 3341 1242 3397 i„
1265 3338 1513 3396 iaeiiiisnomiium
1527 3336 1680 3408 paimrivit.
1697 3334 1752 3389 Eua
1769 3332 1841 3390 enim
1856 3330 1933 3391 inxit,

306 3427 452 3495 ιιιὸδῑθῠθὶ
482 3424 643 3490 θῡθίᾱθῐιῑῑῦι
664 3441 698 3480 ¹¹0
720 3425 784 3494 qnid
807 3424 896 3478 'ninus
923 3433 1010 3484 esset,
1037 3422 1095 3476 lice
1148 3435 1199 3490 ista
1215 3432 1375 3496 exsultante
1396 3430 1452 3485 Bra
1476 3428 1626 3500 heminas,
1647 3426 1731 3480 llaria
1751 3423 1877 3494 gaudium
1905 3419 1933 3476 irr

306 3517 359 3576 sri,
379 3515 562 3585 apostolorum
577 3515 707 3585 sanguine
724 3514 876 3570 illuminare
893 3514 1017 3585 dignatus
1036 3520 1094 3579 est;
1110 3494 1132 3556 C
1146 3532 1241 3579 venire
1251 3521 1381 3593 portevin
1400 3519 1463 3590 qnia
1479 3518 1522 3573 illa
1532 3524 1713 3589 peecatorem,
1728 3513 1779 3569 ista
1795 3511 1879 3568 edidit
1892 3510 1932 3565 ia·

306 3616 335 3660 et
365 3606 427 3661 licet
452 3605 524 3661 illins
543 3607 632 3676 passio
658 3605 736 3660 nobis
759 3603 873 3659 subiciat
905 3605 939 3658 ad
965 3604 1095 3667 salutem,
1147 3621 1305 3679 nocentem,
1321 3613 1450 3683 virgoque
1467 3610 1560 3679 genuit
1579 3608 1697 3679 stringo
1713 3605 1936 3677 permansitpast

307 3708 399 3752 tamen
424 3706 453 3752 et
476 3697 616 3752 arulrornrn
643 3693 802 3765 nr'artyriurn
826 3695 903 3750 nobis
928 3692 1043 3748 eontulit
1064 3694 1097 3747 ad
1146 3712 1253 3774 parrum
1275 3721 1282 3760 :
1307 3712 1451 3773 uei-umque
1466 3700 1643 3763 miraculum,
1658 3698 1772 3766 fraires,
1786 3698 1858 3768 qnod
1876 3694 1938 3752 sine

306 3790 470 3860 crernplurn.
496 3788 629 3844 Hodierna
649 3788 692 3844 die
713 3788 794 3858 igitur
812 3786 884 3842 beati
907 3785 1019 3857 apostoli
1034 3802 1097 3842 surr-
1147 3794 1319 3864 eomrprione
1331 3792 1459 3865 gravida,
1472 3800 1500 3848 et
1513 3792 1539 3847 in
1553 3800 1632 3863 partu
1646 3790 1722 3861 virgo
1732 3799 1773 3846 ost
1791 3802 1933 3860 puerpera.

306 3879 417 3947 guinem
433 3878 622 3948 profuderunt;
638 3878 686 3934 sed
707 3878 845 3935 videamus
859 3891 967 3932 causam
983 3892 1032 3932 cur
1044 3877 1096 3931 ista
1148 3885 1209 3947 Aee,
1223 3883 1310 3953 inquit
1326 3882 1438 3955 angelus
1449 3882 1484 3937 ad
1498 3896 1577 3946 earn,
1597 3882 1683 3952 pretia
1694 3880 1771 3950 pleno
1783 3919 1792 3945 ,
1805 3879 1935 3933 bustim

307 3969 429 4038 perpessi
444 3978 519 4033 suut,
533 3968 638 4024 seilicet
654 3969 725 4040 quod
740 3968 810 4023 inter
831 3977 929 4023 catera
951 3967 1096 4032 mirabilia,
1147 3984 1247 4036 tecam;
1263 3981 1350 4028 ecum
1365 3972 1496 4029 Dominus
1510 3970 1536 4024 in
1550 3970 1651 4033 corde,
1670 3979 1758 4024 tecum
1777 3969 1806 4022 in
1821 3975 1932 4032 ventre,

307 4058 392 4113 etiam
411 4073 519 4129 magum
541 4058 616 4112 illurn
639 4058 777 4114 Simonem
799 4058 965 4113 orationibus
984 4058 1041 4115 suis
1062 4057 1097 4115 de
1148 4072 1237 4119 tecum
1249 4064 1275 4117 in
1290 4073 1378 4128 ntero,
1398 4071 1486 4117 tecum
1507 4061 1535 4115 in
1554 4059 1665 4116 auxilio.
1687 4059 1840 4126 Gratulare,
1856 4060 1935 4115 bonta

306 4147 382 4203 aeris
411 4162 498 4202 vacuo
532 4148 661 4218 praecipiti
692 4148 769 4202 ruina
798 4147 1003 4218 prostraverint.
1029 4147 1098 4204 Curat
1148 4159 1233 4230 virgo,
1249 4154 1611 4219 ciiiiamsrexecoelosno,
1625 4152 1652 4207 in
1667 4160 1748 4207 utero
1764 4150 1936 4216 tumeam·

307 4239 382 4296 eninr
407 4240 478 4295 idem
503 4238 596 4295 Simon
618 4254 648 4295 se
671 4239 806 4295 Christum
832 4238 951 4302 diceret,
983 4246 1011 4293 et
1040 4245 1099 4292 tarr·
1147 4248 1288 4304 benedices
1302 4247 1397 4302 eriere
1414 4245 1486 4301 inter
1501 4243 1713 4311 mulioneque
1727 4240 1809 4296 vitam
1828 4238 1936 4296 etriris

308 4344 391 4400 quam
416 4328 501 4383 lilium
515 4328 550 4383 ad
569 4338 671 4399 patrem
691 4336 825 4386 assereret
837 4328 952 4384 volando
970 4341 1000 4381 se
1019 4340 1100 4397 posse
1148 4354 1181 4395 ic
1197 4337 1353 4394 mulieribus
1364 4334 1502 4407 peperirri,
1514 4334 1601 4391 nater
1609 4333 1717 4405 generis
1728 4331 1814 4388 nostri
1828 4345 1938 4401 poenarn

308 4420 504 4485 oonsoendere,
517 4427 600 4491 atque
613 4420 700 4477 elatus
710 4422 798 4477 subito
811 4420 924 4492 magicis
935 4420 1039 4475 artibus
1052 4435 1100 4474 vo-
1149 4428 1238 4484 inruiir
1250 4429 1359 4493 mundo,
1375 4426 1492 4499 genium
1504 4425 1611 4481 bomini
1624 4424 1709 4479 nestit
1720 4423 1834 4479 alutem
1845 4421 1937 4477 attalia

309 4511 368 4567 lare
393 4512 535 4582 coemssct,
560 4522 623 4569 tunc
645 4512 741 4569 Petrus
761 4514 822 4569 lixis
839 4513 952 4585 genibus
972 4518 1099 4582 precatus
1149 4516 1278 4573 saeculo:
1306 4516 1439 4588 percussit
1468 4515 1534 4581 illa,
1558 4514 1610 4571 ista
1632 4513 1792 4579 vivificarit3
1826 4518 1936 4582 propter

309 4609 353 4656 est
372 4600 531 4669 bominum,
547 4610 575 4658 et
593 4603 749 4673 precatione
771 4612 865 4660 sancta
879 4603 944 4659 uicit
963 4602 1096 4669 magicam
1150 4607 1357 4664 inobedientiam
1385 4607 1458 4663 enim
1478 4604 1631 4662 ιιιιοιιιιιιιίι
1650 4609 1841 4659 eommutatur.
1860 4599 1934 4656 leta

308 4690 470 4746 lenitatem:
496 4691 572 4761 prius
593 4694 675 4748 otiam
697 4694 818 4749 ascendit
838 4695 873 4750 ad
895 4694 980 4749 [icum
1009 4693 1098 4749 oratio
1149 4698 1231 4768 igitur
1250 4696 1332 4752 blavia
1346 4706 1434 4768 gestat
1450 4694 1596 4761 iniantem,
1610 4692 1749 4749 exsultans
1768 4689 1936 4760 amplexatur

309 4797 392 4852 urtam
406 4781 527 4848 uolatus,
546 4791 574 4837 ct
595 4793 659 4839 ante
675 4785 797 4855 pervenit
812 4782 886 4853 justa
903 4784 998 4854 petitio
1016 4799 1096 4854 quarn
1151 4790 1245 4855 illium,
1257 4798 1372 4859 portata
1387 4803 1441 4858 quo
1453 4786 1621 4857 portabatur.
1636 4782 1829 4854 Auditeigltur
1841 4797 1935 4839 vunan

310 4869 404 4942 iniqua
419 4874 606 4942 presumptim
626 4883 699 4937 ante,
718 4873 838 4943 inquam,
851 4871 957 4940 Petrus,
975 4873 1003 4928 in
1019 4873 1099 4929 terris
1149 4880 1294 4934 verborum
1317 4877 1389 4934 illins
1407 4892 1460 4947 qua
1482 4874 1549 4931 dixit
1568 4892 1575 4929 :
1595 4873 1750 4946 laetificat
1769 4873 1860 4931 anima
1877 4888 1935 4927 aare

309 4962 425 5032 positus,
436 4962 552 5019 obtinuit
559 4965 629 5034 quod
639 4964 839 5037 penbatnnarn
847 4965 940 5021 Simon
946 4965 1101 5035 perveniret
1150 4969 1307 5031 bominum,
1320 4977 1344 5022 et
1357 4966 1495 5023 mutarit
1510 4966 1618 5036 ιρίιιιιιι
1632 4981 1705 5021 meaa
1714 4964 1743 5021 ia
1754 4962 1811 5019 beo
1824 4963 1939 5020 ιιιιιιιιι

311 5050 478 5110 adsoelestia
491 5070 546 5126 quo
559 5056 685 5112 tendebat
698 5073 705 5111 ι
718 5055 799 5113 altius
818 5056 941 5113 ascendit
961 5054 1101 5114 humilitas
1150 5072 1235 5114 uteo:
1258 5059 1320 5130 quio
1341 5058 1452 5128 respexit
1474 5056 1645 5113 Ιιιιιιιέιιιιιιιιιι
1666 5054 1770 5112 anriiiae
1784 5070 1860 5119 aau,·
1879 5068 1938 5110 erae

311 5158 392 5212 quarn
403 5145 545 5216 superbia;
558 5146 675 5202 validius
689 5146 783 5203 intirna
802 5145 933 5203 coelorum
946 5145 1101 5217 penetravit
1150 5151 1221 5205 eninr
1234 5166 1267 5204 ea
1285 5150 1334 5203 lron
1352 5150 1454 5204 beatam
1474 5164 1516 5204 aar
1535 5147 1621 5203 dicent
1635 5163 1723 5201 amaea
1744 5145 1936 5217 neumaiam,

312 5231 435 5288 maritas
447 5248 527 5304 quam
544 5243 756 5307 presumptuosa
771 5235 908 5305 lrriquitas.
927 5234 1027 5291 [lende
1040 5235 1098 5305 ipsa
1150 5239 1212 5310 qaia
1226 5238 1287 5308 iecit
1299 5237 1364 5293 mibi
1386 5254 1482 5310 maana
1495 5238 1540 5308 qai
1553 5245 1643 5307 potura
1659 5245 1697 5291 eat
1712 5233 1789 5307 (Lae.
1804 5235 1836 5308 ι).
1855 5234 1937 5291 lioni-

311 5315 415 5385 passio,
430 5315 493 5373 lieet
506 5319 613 5376 diversa
626 5319 654 5376 in
671 5318 784 5393 singulis
803 5319 906 5387 luerit,
931 5330 1020 5378 tamen
1038 5321 1096 5391 pari
1152 5343 1205 5399 que
1227 5337 1287 5399 post
1301 5327 1365 5384 illud
1384 5327 1561 5384 benedicibile
1581 5319 1750 5398 praesagium,
1770 5326 1834 5381 dunt
1855 5324 1937 5384 tacita

312 5403 414 5462 relerta
438 5416 480 5464 est
503 5410 598 5480 gratia
622 5412 774 5467 sanctitate.
802 5412 870 5468 Nam
895 5412 991 5469 Petnrs
1010 5412 1100 5469 crucis
1151 5434 1242 5476 amoni
1256 5419 1336 5491 Virgo
1361 5418 1459 5475 mentis
1484 5418 1662 5475 alternatione
1687 5416 1826 5487 confligit,
1848 5414 1937 5487 qualia

312 5494 384 5551 sicut
409 5495 534 5555 Salvator
553 5499 665 5557 exitium
685 5502 754 5569 tulit,
775 5512 801 5558 ct
820 5501 966 5558 Dominieae
980 5500 1099 5558 ueunto-
1150 5519 1222 5567 esset
1244 5512 1294 5566 ista
1314 5509 1458 5576 salutatio,
1471 5510 1582 5565 nundus
1598 5508 1705 5564 interim
1727 5507 1846 5563 coelcatis
1860 5520 1936 5564 exaa-

313 5588 356 5644 nis
369 5586 563 5657 similitudine,
578 5605 628 5647 nee
642 5598 728 5647 morte
742 5592 869 5664 deeeptus
880 5600 937 5657 est,
950 5591 1055 5648 scilieet
1069 5600 1098 5646 ιιι
1151 5603 1243 5672 quirui
1258 5620 1265 5656 :
1282 5600 1324 5658 Ni
1345 5602 1448 5668 rimie,
1472 5599 1572 5667 narii,
1596 5600 1715 5657 insaniei
1731 5600 1801 5655 enim
1822 5598 1936 5668 penis·

312 5689 393 5748 quun
406 5677 564 5736 imitabatur
576 5678 639 5747 ilde,
650 5679 802 5737 imitaretur
813 5690 842 5737 et
851 5681 985 5753 passione.
999 5680 1099 5737 Paulus
1151 5691 1222 5761 apua
1234 5690 1318 5746 berem
1340 5704 1350 5743 .·
1369 5707 1427 5746 eece
1443 5692 1570 5762 concipies
1583 5701 1607 5746 et
1619 5692 1705 5762 paries
1715 5690 1811 5760 pilium,
1821 5699 1845 5744 et
1860 5704 1936 5746 aare·

312 5781 378 5824 vero
389 5767 480 5839 capite
492 5783 577 5825 mus
588 5777 640 5835 est,
654 5770 717 5841 quia
732 5770 856 5841 gentibus
868 5778 950 5841 caput
963 5769 1025 5824 [idei
1039 5784 1100 5825 esse
1152 5780 1191 5834 ii,
1213 5795 1307 5834 „omen
1331 5779 1388 5850 eii,
1409 5780 1499 5836 iiim
1511 5798 1521 5846 ,·
1535 5790 1565 5836 ii
1577 5780 1622 5838 iiii
1641 5798 1648 5835 :
1669 5780 1816 5847 Quomodo,
1836 5777 1937 5850 inquii,

310 5859 491 5928 probabatur,
509 5868 537 5915 et
548 5869 578 5916 ut
589 5862 743 5918 ostenderet
754 5861 877 5918 uadibus
891 5876 938 5932 per
952 5860 1101 5917 truncatio·
1152 5870 1196 5937 fiet
1209 5869 1290 5936 istud,
1305 5872 1428 5941 quostiam
1442 5872 1524 5926 uirum
1542 5888 1595 5927 nou
1614 5888 1739 5943 cognosco
1751 5872 1764 5925 ‚⁹
1776 5878 1804 5925 et
1825 5868 1937 5939 angelus

312 5964 374 6004 nem
392 5951 491 6021 capitis
512 5961 592 6024 caput
613 5967 727 6019 verum,
742 5952 812 6028 quod
831 5953 1027 6020 artemisius,
1044 5968 1100 6011 non
1153 5958 1187 6013 ad
1198 5973 1281 6014 eam:
1303 5958 1416 6029 Spiritus
1430 5969 1546 6025 mactae,
1566 5961 1614 6026 ait,
1628 5959 1788 6029 surperveniet
1808 5959 1836 6015 in
1856 5968 1891 6025 te,
1909 5968 1934 6016 et

310 6054 391 6112 patae
400 6039 454 6098 ullo
469 6042 549 6101 utodu
560 6041 659 6104 divelli.
674 6043 754 6114 Ecce,
767 6046 875 6126 iratres,
885 6053 1000 6118 uranus
1008 6053 1100 6114 patro·
1152 6047 1233 6105 uirtas
1247 6047 1373 6106 ditissimi
1386 6049 1547 6107 obumbrabit
1562 6039 1628 6114 tibi,
1642 6048 1749 6121 ideoque
1762 6050 1831 6119 quod
1842 6065 1932 6107 nasae
