4500 6842
329 591 384 648 tea

874 582 1153 644 effiutvuuvtttu.
1173 613 1208 624 -·
1226 579 1420 640 PRAEFATIO.

1916 589 1967 644 lid

331 727 343 761 ι
358 704 477 778 proximi
496 704 546 759 tul.
560 700 598 759 Ne
620 702 711 759 oderis
728 702 839 759 fratrem
854 703 881 759 itt
894 706 975 760 eorde
1002 714 1060 769 tuo,
1075 700 1124 759 sod
1139 703 1163 763 Α
1179 717 1189 751 ι
1206 698 1352 763 ambulate,
1364 704 1392 753 el
1405 697 1536 753 desideria
1552 697 1643 753 earnis
1658 712 1710 753 bon
1722 698 1881 769 mandetis.
1892 700 1965 757 Caro

331 816 343 851 r
362 797 471 869 publice
497 810 580 866 argue
608 810 683 861 cum,
706 810 739 850 ne
753 796 854 851 habeas
870 811 952 866 super
967 795 1013 851 illo
1027 811 1125 867 pecca-

331 905 343 939 r
360 897 429 943 tum.
445 884 503 940 Non
527 901 633 955 quaeras
645 886 787 953 ultionem,
803 902 853 943 nec
867 896 970 942 memor
985 888 1041 944 eris
1052 887 1125 958 lnjh·

331 978 408 1032 crire
427 977 528 1032 civium
556 984 674 1031 tuorum.
697 976 748 1043 Qui
774 976 945 1032 maledixerit
971 975 1053 1045 patri,
1081 973 1125 1031 vel

331 1083 343 1117 r
363 1065 455 1131 matri,
475 1075 562 1121 morte
584 1067 725 1121 moriatur.
755 1065 829 1120 Patri
855 1067 989 1139 matrique
1008 1068 1053 1138 qui
1068 1083 1127 1124 ma-

330 1175 342 1209 c
358 1157 497 1224 ledixerit,
512 1157 695 1229 sanguisejus
710 1172 791 1228 super
803 1173 876 1213 eum.

368 1268 380 1301 c
399 1248 429 1304 Si
442 1248 593 1305 moechatus
606 1246 686 1304 luerit
695 1264 757 1305 cum
769 1263 853 1304 uuore
867 1248 992 1317 alterius,
1006 1258 1035 1306 et
1046 1250 1124 1306 adul-

328 1338 460 1394 ‹terium
481 1338 677 1408 perpetraverit
701 1352 763 1394 cum
789 1337 903 1409 conjuge
928 1339 1045 1409 proximi
1070 1339 1123 1406 sui,

329 1445 343 1480 r
363 1438 453 1484 morte
471 1429 603 1484 moriatur
614 1436 642 1483 et
654 1428 786 1494 moechus,
806 1435 834 1483 et
845 1428 978 1485 adultera.
993 1428 1045 1497 Qui
1059 1428 1124 1484 dor·

332 1519 457 1575 ‹naicrit
471 1534 533 1575 eum
560 1532 677 1574 noverca
698 1533 759 1584 sna,
779 1526 806 1573 et
832 1517 992 1574 revelaverit
1006 1516 1123 1588 ignomi-

333 1624 343 1658 ι
362 1609 437 1664 niam
461 1608 613 1681 patrissui,
637 1616 725 1663 morte
751 1608 901 1663 moriantur
914 1608 1005 1673 ambo,
1020 1615 1048 1663 et
1061 1622 1124 1664 san-

332 1716 344 1747 t
361 1702 423 1772 guis
434 1715 530 1756 curum
541 1701 578 1755 sit
587 1715 669 1770 super
687 1713 744 1755 eos.
765 1698 817 1768 Qui
832 1698 973 1755 dormierit
987 1712 1050 1769 cum
1063 1714 1123 1754 ma-

335 1789 439 1845 ·scnlo
473 1788 547 1845 coitu
573 1788 712 1845 lemineo:
739 1796 902 1859 etuterqne
927 1797 1056 1859 operatus
1081 1797 1124 1847 cst

336 1884 460 1949 «melus,
475 1891 562 1939 morte
589 1883 759 1949 moriantur;
786 1883 896 1953 sanguis
920 1897 1014 1939 eorum
1042 1897 1124 1953 supcr

340 1989 421 2029 teos.
437 1972 468 2027 st
491 1972 552 2043 quis
578 1971 718 2028 dormierit
741 1986 803 2027 cum
830 1988 900 2028 nuru
926 1987 993 2028 sua:
1009 1980 1124 2043 uterque

1180 806 1190 840 r
1206 788 1280 843 enlm
1292 787 1459 858 concupiscit
1480 787 1610 841 adversus
1629 787 1773 857 spiriturn;
1789 788 1902 857 spiritus
1915 804 1963 841 aar·

1178 887 1259 935 rtem
1271 878 1401 934 advorsus
1416 893 1536 933 onmem
1555 876 1618 934 llaec
1634 878 1706 933 enim
1719 878 1770 933 sibi
1786 878 1901 933 invicem
1916 877 1963 932 ad·

1178 985 1190 1022 c
1205 978 1367 1025 versantur:
1385 976 1425 1033 nt,
1440 983 1492 1023 non
1507 968 1771 1037 quaectnquevnltis,
1791 968 1835 1024 illa
1849 967 1965 1025 iactans.

1178 1080 1188 1114 r
1206 1059 1283 1128 Quod
1299 1060 1322 1115 si
1333 1059 1428 1130 spiritu
1453 1058 1592 1123 ducimini,
1616 1057 1747 1113 nonestis
1760 1057 1810 1112 sub
1826 1056 1893 1129 lege.
1909 1056 1966 1111 lla·
2057 1095 2060 1100 -

1178 1166 1189 1201 r
1206 1148 1303 1204 nilesta
1315 1156 1406 1203 autern
1419 1155 1482 1201 sunt
1501 1161 1584 1216 opera
1608 1146 1719 1201 carnis:
1736 1161 1796 1216 quae
1809 1155 1872 1200 sunt
1885 1184 1894 1210 ,
1909 1143 1965 1200 lor·

1178 1257 1187 1291 r
1206 1238 1318 1303 uicatio,
1345 1235 1527 1302 immunditia,
1554 1234 1670 1300 luxuria,
1687 1235 1818 1290 idolorum
1835 1236 1964 1299 servitus,

1177 1329 1344 1394 «veneficia,
1370 1328 1527 1395 inimicitie,
1547 1328 1745 1390 contentiones,
1768 1329 1963 1398 intitulationes,

1178 1439 1187 1474 r
1204 1422 1261 1486 irae,
1279 1421 1353 1482 rixae,
1368 1419 1561 1485 dissensiones,
1575 1428 1666 1484 sectae,
1692 1420 1818 1487 hareses,
1846 1420 1963 1485 invidiae,

1178 1530 1187 1562 r
1204 1512 1359 1577 ebrietates,
1372 1510 1592 1577 comessationes,
1603 1519 1631 1565 et
1642 1511 1685 1565 bis
1700 1510 1814 1575 similla;
1827 1526 1886 1580 quau
1896 1526 1964 1580 prut-

1177 1604 1265 1659 ‹dico
1290 1605 1376 1668 vobis,
1405 1604 1476 1659 sicut
1502 1604 1638 1674 praedixi:
1668 1605 1795 1674 quorriam
1825 1606 1869 1673 qui
1900 1604 1962 1658 tals

1177 1715 1186 1747 r
1207 1704 1300 1766 agunt,
1325 1711 1438 1766 regnum
1458 1696 1505 1750 Ilei
1533 1711 1585 1751 non
1613 1704 1821 1767 consequentur.
1849 1695 1964 1751 Fructus

1178 1804 1187 1836 r
1207 1794 1297 1840 autem
1323 1784 1435 1855 spiritus
1460 1792 1511 1849 est,
1526 1784 1655 1852 charitas,
1682 1785 1820 1855 gaudium,
1839 1799 1903 1855 pax,
1916 1799 1965 1853 pa·

1177 1874 1310 1941 ruentia,
1335 1872 1536 1946 longanimitas,
1564 1874 1682 1940 bonitas,
1708 1874 1872 1945 benignitas,
1889 1888 1965 1928 man-

1178 1990 1187 2022 t
1205 1970 1328 2036 suetudo,
1341 1969 1418 2036 lidos,
1429 1968 1572 2035 modestia,
1584 1969 1762 2033 continentia,
1773 1969 1896 2026 castitas.
1910 1968 1965 2024 dd-

341 2062 612 2132 ‹moriantur;qnia
632 2062 721 2118 scelus
746 2063 850 2133 operati
863 2070 936 2129 sunt,
950 2063 1059 2135 sanguis
1072 2065 1297 2125 eossvversus
1322 2058 1475 2129 husjusmodi
1507 2075 1560 2114 non
1589 2067 1631 2116 est
1657 2058 1775 2127 lenoni
1797 2067 1965 2115 autemsunt

342 2167 350 2198 t
366 2168 424 2208 rum
444 2166 527 2224 super
538 2166 596 2207 eos.
612 2150 664 2218 Qui
681 2167 763 2223 super
776 2167 889 2208 uxorem
905 2151 1000 2216 liliam,
1015 2151 1123 2208 duxerit

345 2249 477 2296 ‹matrem
489 2240 567 2312 ejus:
583 2241 671 2297 soclus
695 2253 826 2311 operatus
850 2249 903 2309 est,
928 2242 1039 2314 sanguis
1063 2240 1122 2312 eins

342 2344 442 2401 «super
455 2344 522 2386 eos:
537 2329 614 2386 rivus
638 2331 746 2388 ardebit
758 2347 821 2387 cum
834 2332 885 2400 eis,
913 2348 964 2389 nec
976 2347 1122 2404 permane-

336 2434 344 2467 t
362 2418 400 2475 bit
412 2427 518 2475 tantum
541 2417 618 2476 nelos
641 2422 669 2475 in
682 2421 771 2478 medio
790 2431 920 2478 vestrum.
936 2422 988 2490 Qui
1001 2439 1062 2480 cum
1075 2422 1122 2493 ju·

330 2518 451 2566 amento
464 2518 493 2566 et
512 2525 611 2581 pecore
634 2511 739 2579 coierit,
766 2521 854 2569 morte
879 2513 1020 2576 moriatur,
1037 2528 1120 2583 pecus

320 2615 468 2672 «quoque
491 2600 616 2658 occidite.
647 2600 743 2656 llulier
760 2617 822 2672 qun
846 2603 988 2660 succubuit
1013 2603 1123 2660 cuilibet

312 2703 328 2735 a
344 2687 493 2758 jumento,
509 2690 590 2746 simul
607 2689 786 2745 interficietur
797 2705 857 2747 cum
872 2706 925 2758 eo;
943 2691 1122 2764 sanguisejus

305 2792 317 2823 ι
342 2792 440 2850 super
464 2794 536 2834 eam.
563 2778 614 2847 Qui
637 2781 773 2851 acceperit
796 2797 918 2839 sororem
933 2798 1019 2850 suam,
1039 2783 1122 2840 liliam

1176 2150 1312 2213 «Christi,
1329 2165 1438 2205 carnem
1457 2165 1533 2205 suam
1546 2148 1742 2205 cruciarerunt
1755 2165 1817 2205 cum
1839 2149 1911 2205 vitiis
1935 2159 1965 2204 et

1175 2238 1435 2310 «concupiscentiis.
1451 2237 1480 2293 Si
1495 2238 1612 2294 vivimus
1628 2238 1735 2310 spiritu,
1751 2238 1848 2308 spiritu
1866 2246 1896 2294 et
1906 2254 1964 2293 anr-

1175 2351 1184 2385 ι
1200 2330 1333 2387 bulemus.
1349 2328 1408 2384 Non
1422 2329 1572 2385 ellleiamur
1595 2329 1686 2386 inanis
1698 2330 1790 2401 gloriae
1803 2328 1906 2401 cupidi,
1920 2330 1963 2385 in-

1175 2441 1185 2475 «
1201 2422 1289 2478 vicem
1300 2422 1464 2488 invidentes,
1479 2422 1594 2478 invicem
1607 2431 1794 2493 provocantes.
1813 2421 1873 2477 vllt
1884 2422 1964 2493 paulo

1175 2531 1186 2565 r
1204 2522 1287 2586 post:
1309 2510 1423 2568 «Nolite
1447 2527 1550 2580 errare,
1580 2512 1651 2568 Deus
1663 2526 1718 2568 non
1734 2512 1872 2570 irridetur.
1898 2512 1964 2580 Qua

1174 2622 1185 2656 r
1202 2604 1276 2659 enim
1289 2603 1464 2659 seminaverit
1480 2603 1576 2670 homo,
1604 2602 1663 2659 lanc
1674 2611 1702 2658 et
1712 2609 1805 2658 metet.
1830 2600 1962 2670 Quoniam

1174 2712 1185 2747 r
1203 2694 1249 2763 qui
1257 2693 1372 2749 seminat
1388 2694 1414 2747 in
1425 2707 1507 2747 carne
1517 2708 1577 2757 sua,
1592 2692 1626 2748 de
1639 2707 1722 2748 carno
1733 2700 1761 2748 et
1775 2700 1861 2748 metet
1872 2707 1964 2748 corru-

1173 2805 1184 2839 ι
1199 2785 1330 2856 plionem.
1348 2784 1400 2851 Qui
1411 2792 1501 2839 autent
1515 2784 1630 2839 sentinat
1643 2783 1670 2838 in
1689 2783 1802 2853 spiritu,
1817 2784 1851 2839 de
1865 2785 1961 2855 spiritu

1175 2881 1228 2929 ret
1249 2880 1333 2929 metet
1345 2873 1428 2928 vitam
1439 2882 1577 2927 aemrnam.
1607 2872 1812 2929 Bonumauten'a
1832 2872 1963 2929 iacientes

297 2880 310 2910 ¹
342 2869 509 2937 patrissui,
531 2867 574 2925 vel
587 2869 669 2924 liliam
686 2871 859 2936 matrissuae,
877 2882 904 2928 et
919 2872 1018 2929 viderit
1033 2875 1121 2946 turpi-

294 2972 305 3001 ·
346 2960 485 3016 tudinem
506 2959 574 3030 ejus,
591 2961 690 3033 illaque
714 2966 885 3037 conspexerit
902 2964 995 3022 iratrls
1007 2967 1122 3037 ignomi-
1174 2983 1185 3019 r
1203 2981 1257 3021 non
1272 2964 1439 3021 deficiamus.
1456 2963 1588 3033 Tempore
1599 2965 1671 3019 enirn
1683 2979 1732 3022 suo
1744 2973 1888 3020 metemus.
1906 2985 1916 3019 r

288 3061 298 3091 t
340 3053 434 3107 niam
455 3070 462 3117 ;
480 3053 610 3110 nefariam
635 3071 693 3112 rem
721 3057 825 3126 operati
849 3066 936 3114 sunt:
963 3060 1122 3115 occidentur
1206 3055 1273 3112 Cum
1289 3056 1362 3111 euim
1378 3054 1425 3111 illa
1446 3055 1537 3111 omnia
1557 3054 1697 3125 vitiaqnae
1722 3070 1803 3126 supra
1824 3055 1961 3110 nominata

286 3153 294 3183 t
333 3146 440 3201 ambo
454 3146 482 3200 ln
503 3155 649 3217 conspectu
673 3148 775 3218 populi,
789 3150 906 3220 eoquod
927 3150 1121 3220 turpitudinem
1170 3154 1245 3213 sunt,
1259 3153 1315 3201 tam
1329 3162 1344 3201 a
1358 3144 1519 3215 legislatore,
1539 3160 1619 3214 quam
1630 3145 1664 3200 ab
1675 3144 1794 3217 apostolo
1808 3147 1888 3202 noxia
1900 3161 1963 3218 pro·

286 3240 292 3271 ¹
330 3246 437 3289 suam
452 3243 545 3291 mutuo
559 3237 809 3294 revelaverunt2et
822 3240 971 3309 portabunt
991 3241 1121 3311 iniquita-
1171 3242 1308 3306 hibcntur,
1318 3249 1347 3297 et
1357 3240 1508 3298 cultoribus
1520 3239 1569 3295 Dei
1583 3238 1672 3296 divina
1696 3240 1845 3295 auctoritas
1868 3240 1961 3309 prohi-

286 3332 291 3364 ¹
339 3330 414 3381 tem
428 3341 516 3381 suam.
533 3326 584 3395 Qui
599 3328 693 3384 coierit
715 3344 778 3385 cum
800 3328 914 3385 muliere
940 3339 1118 3397 menstruata,
1170 3335 1217 3392 bet
1231 3334 1338 3389 lacere:
1355 3347 1517 3403 plenamque
1537 3330 1585 3397 eis,
1600 3331 1646 3402 qui
1669 3330 1727 3387 haec
1738 3339 1830 3403 agunt,
1843 3332 1961 3388 minatur

286 3421 291 3452 ¹
334 3422 388 3468 et
399 3414 561 3473 revelaverit
585 3419 778 3489 turpitudinem
790 3418 858 3488 ejus,
875 3420 987 3490 ipsaque
1004 3435 1118 3492 aperue-
1133 3426 1156 3489 c
1172 3434 1340 3497 perpetuam.
1358 3423 1528 3480 Econtrario
1551 3438 1616 3480 vero
1641 3423 1772 3496 spiritalia
1788 3424 1857 3479 dona
1870 3422 1962 3480 laudat

286 3512 292 3543 ¹
340 3507 397 3560 rit
411 3506 515 3562 iontem
540 3509 679 3580 sanguinis
699 3510 753 3576 sui,
778 3510 979 3568 interficiantur
990 3513 1069 3568 ambo
1085 3511 1119 3568 de
1172 3515 1326 3587 Apostolus,
1346 3515 1522 3586 hortaturque
1546 3531 1595 3587 per
1622 3516 1712 3572 omnia
1738 3517 1895 3588 sequenda:
1911 3515 1961 3572 bo·

287 3603 294 3633 ⁸
336 3596 450 3651 medio
475 3598 576 3668 populi.
596 3599 803 3670 Turpitudinem
822 3603 1120 3662 amitaeetmatcrteraa
1172 3623 1237 3662 nunt
1259 3615 1310 3672 est,
1339 3616 1369 3662 ut
1392 3623 1537 3663 caveamus
1553 3623 1633 3664 omne
1659 3616 1812 3679 peccatum,
1829 3617 1858 3664 et
1881 3623 1962 3664 omne

290 3692 297 3723 ¹
340 3690 413 3742 lure
429 3702 484 3742 non
511 3689 701 3760 discooperies.
729 3692 780 3760 Qui
798 3695 850 3749 hoc
873 3693 978 3762 lecerit,
1006 3697 1119 3768 ignomi-
1172 3695 1482 3767 scandalum,quantum
1505 3696 1633 3752 [lominus
1648 3712 1697 3752 nos
1710 3712 1790 3769 posse
1802 3697 1960 3752 donaverit:
1990 3738 1992 3742 ,

294 3790 301 3819 t
343 3784 433 3838 niam
445 3784 537 3840 carnis
548 3800 604 3840 suae
618 3785 730 3841 nudabit
743 3805 749 3840 :
765 3788 914 3858 portabunt
926 3788 1005 3845 ambo
1018 3790 1119 3860 iniqui-

298 3881 306 3909 t
343 3879 443 3929 tatem
470 3891 557 3931 suam.
586 3875 636 3945 Qui
662 3877 759 3933 coierit
779 3894 841 3934 cum
864 3895 948 3936 uxore
963 3883 1061 3951 patrui,
1076 3881 1120 3938 vcl

303 3972 312 4001 ι
345 3966 486 4023 avunculi
499 3969 551 4032 sni,
565 3976 594 4024 et
613 3970 772 4028 revelaverit
794 3973 969 4045 ignominiam
982 3977 1120 4048 coguatio-

307 4064 317 4093 ι
345 4058 400 4112 vvis
421 4073 488 4123 sure,
515 4059 661 4130 portabunt
684 4071 824 4132 peccatum
850 4080 949 4120 suum:
967 4068 1070 4137 absque
1084 4068 1119 4122 li-

311 4151 322 4180 v
352 4143 434 4203 beris
450 4149 610 4205 morientur.
628 4150 678 4219 eri
705 4152 813 4209 duxerit
832 4170 945 4212 uxorem
958 4155 1051 4212 lratris
1064 4157 1118 4225 sui,

316 4242 327 4275 ⁸
354 4251 417 4296 rem
431 4239 497 4296 lacit
512 4240 633 4298 illicitam
648 4262 655 4297 ε
672 4245 866 4314 turpitudinem
878 4246 972 4304 lratris
984 4249 1025 4304 sui
1039 4263 1118 4305 reve-

320 4336 331 4369 ·
358 4327 437 4398 larit,
451 4333 555 4403 absque
577 4334 670 4391 liberis
695 4346 784 4392 eruut.
812 4336 851 4393 Ne
871 4338 1000 4409 polluatis
1013 4340 1120 4396 animas

325 4430 336 4461 ¹
356 4432 465 4480 vestras
484 4424 511 4478 in
526 4439 633 4496 pecore,
656 4438 684 4483 et
699 4428 726 4483 iu
749 4429 855 4494 avibus,
875 4438 903 4485 et
929 4431 1034 4487 cunetis
1058 4447 1119 4501 quac

328 4521 339 4552 ¹
358 4525 505 4571 morentur
519 4516 640 4582 interra,
657 4521 684 4575 ct
708 4534 768 4588 qum
795 4521 871 4576 vobis
894 4522 999 4576 ostendi
1018 4521 1119 4593 polluta

331 4613 429 4660 tesse.
443 4604 502 4672 Vir,
517 4607 575 4663 sive
588 4606 694 4673 mulier,
711 4609 738 4663 in
764 4610 864 4680 quibus
886 4610 1061 4681 Pythonicus,
1077 4614 1119 4670 vel

335 4700 345 4732 ¹
361 4692 536 4750 divinationis
548 4694 631 4752 luerit
642 4697 762 4767 spiritns,
788 4709 876 4755 morte
889 4701 1049 4758 moriantur.
1064 4703 1117 4758 La-

1172 3800 1201 3848 et
1212 3790 1344 3846 iaciamus
1361 3805 1421 3861 qum
1433 3790 1484 3846 sibi
1495 3800 1558 3845 sunt
1571 3791 1680 3863 placita,
1697 3799 1726 3848 et
1737 3791 1780 3847 lex
1793 3793 1898 3848 Domini
1909 3809 1959 3849 no·

1172 3882 1214 3938 bis
1226 3881 1351 3936 mandat:
1367 3882 1431 3950 quia
1455 3881 1506 3948 sic,
1523 3889 1550 3938 et
1564 3883 1744 3953 inpraesenti,
1759 3890 1786 3939 et
1809 3884 1837 3937 in
1859 3883 1960 3949 loturo,

1172 3970 1230 4043 ejus
1253 3970 1463 4026 misericordiam
1488 3980 1515 4027 et
1527 3972 1721 4042 protectionem
1740 3972 1917 4028 inveniemus.
1932 3971 1962 4027 st

1171 4064 1244 4119 eninr
1266 4060 1342 4131 jutta
1367 4063 1520 4127 historiam.
1548 4063 1688 4136 legislator
1712 4066 1961 4139 transgressoribus

1172 4155 1361 4210 mandatorum
1388 4154 1436 4209 bei
1465 4156 1584 4210 minatus
1605 4163 1647 4210 cst
1674 4156 1765 4213 carnis
1790 4166 1916 4223 mortem,
1933 4164 1961 4214 ιιι

1172 4243 1313 4314 prasentis
1326 4244 1388 4298 vitae
1399 4243 1555 4310 terminum,
1571 4254 1672 4315 quanto
1693 4247 1779 4318 magis
1796 4245 1959 4317 nobisjuxta

1173 4332 1329 4388 mandatum
1356 4332 1516 4398 salvatoris,
1546 4340 1574 4389 et
1597 4334 1780 4406 evangelicam
1807 4336 1960 4393 doctrinam

1173 4424 1343 4480 lormidanda
1367 4431 1409 4480 est
1431 4439 1505 4481 mors
1534 4429 1642 4493 animae,
1669 4434 1697 4483 et
1716 4443 1795 4499 poena
1819 4439 1959 4500 perpetua,

1172 4530 1253 4585 quam
1270 4514 1313 4569 illa
1327 4530 1387 4585 quae
1412 4513 1493 4570 liutem
1508 4516 1706 4586 quodammode
1718 4518 1826 4577 habultl
1844 4518 1896 4574 lsta
1910 4536 1960 4574 au-

1174 4616 1228 4663 tem
1240 4607 1298 4661 sine
1313 4606 1428 4661 termino
1437 4606 1570 4662 cruciabit
1581 4607 1685 4661 noxios.
1701 4606 1777 4662 Unde
1789 4622 1899 4662 necesse
1918 4617 1960 4663 cst

1172 4706 1203 4752 ut
1217 4698 1243 4752 in
1255 4698 1380 4768 praesenti
1392 4697 1457 4763 vita,
1474 4694 1553 4766 juxta
1572 4696 1739 4767 Apostolum,
1766 4696 1958 4752 mortificemus

338 4784 467 4851 *uidibus
477 4786 597 4843 obruant
618 4801 677 4856 eos,
691 4798 719 4844 et
730 4792 839 4861 sanguis
861 4807 955 4847 corum
979 4794 1015 4849 sit
1037 4811 1118 4866 super
1131 4777 1158 4835 D
1170 4790 1294 4844 fflfflnbra
1306 4796 1399 4844 b0⁸ltt
1422 4802 1482 4857 quw
1508 4796 1571 4843 subl
1596 4802 1678 4857 supet
1705 4796 1805 4843 leuant
1819 4803 1826 4842 :
1840 4789 1893 4844 hot·
1904 4801 1957 4856 est,

341 4890 350 4920 t
364 4892 417 4935 eos.
433 4877 572 4936 Custodite
585 4881 658 4953 leges
672 4898 754 4949 muas,
778 4894 859 4956 atque
869 4886 981 4957 judicia,
996 4900 1024 4945 et
1037 4888 1116 4945 laclte

343 4978 411 5023 tea:
427 4985 461 5024 ne
473 4978 501 5025 et
514 4986 563 5026 vos
577 4981 685 5028 evomat
704 4983 785 5041 terra,
799 4992 880 5046 quam
896 4978 1022 5034 intraturi
1039 4981 1116 5047 estis,

286 5111 288 5124 ¹
347 5064 389 5110 tet
400 5057 556 5112 habitaturi.
572 5058 661 5116 Nolite
681 5064 821 5118 ambulare
835 5064 861 5118 in
883 5065 1012 5136 legitimis
1027 5070 1117 5124 natio-

349 5159 433 5213 tnnm,
452 5164 521 5220 quas
533 5164 584 5221 ego
596 5152 759 5222 expulsurus
772 5167 831 5208 sum
847 5155 873 5209 in
886 5170 944 5211 vos.
963 5175 972 5209 r

372 5234 419 5292 Sed
434 5239 486 5295 hoe
509 5254 563 5295 uon
592 5241 679 5297 solum
706 5243 733 5298 ln
762 5244 849 5299 Veteri
871 5244 1056 5314 Testamento,
1070 5248 1118 5304 scd

348 5322 412 5381 dnm
422 5327 449 5383 in
462 5327 539 5384 Nouo
554 5328 704 5387 cultoribus
718 5331 766 5387 Dei
780 5333 906 5390 similiter
917 5349 998 5407 agere
1007 5337 1118 5392 omnino

348 5425 446 5476 vetatur.

370 5508 404 5567 lle
414 5513 642 5584 concupiscentiis
664 5529 728 5571 vero
740 5515 892 5573 carnalibus
908 5516 1007 5573 Paulus
1021 5518 1055 5573 ad
1065 5516 1119 5573 Ga·

344 5594 400 5659 blas
414 5602 538 5662 scribens
560 5605 750 5678 ltaloqultur:
770 5626 779 5661 r
803 5609 868 5665 bico
889 5615 991 5675 auum,
1019 5609 1117 5679 spiritu

1170 4878 1305 4935 desideria
1329 4879 1419 4934 carnis
1445 4886 1555 4943 stouras,
1571 4887 1598 4930 et
1619 4877 1770 4948 voluptates
1795 4886 1917 4934 terrenas
1930 4881 1957 4936 iu

1169 4970 1249 5025 nobis
1275 4971 1448 5041 exstinguere
1478 4954 1695 5023 coartendamus:
1712 4968 1830 5040 vitiaque
1856 4972 1957 5037 omnia,

1169 5069 1302 5133 quautam
1326 5060 1455 5117 bominus
1477 5075 1527 5114 nos
1543 5071 1622 5130 posse
1647 5057 1780 5120 concedit.
1803 5059 1896 5129 procul
1910 5076 1958 5116 ex-

1171 5153 1324 5224 pellamus:
1349 5152 1451 5221 lleivpue
1477 5150 1620 5216 voluntati,
1643 5160 1671 5206 et
1688 5150 1824 5207 mandatis
1837 5148 1895 5220 cius
1907 5151 1956 5207 ob-

1170 5255 1324 5316 temperare
1340 5252 1504 5315 satagamus,
1528 5241 1655 5314 quonlam
1671 5241 1712 5297 sic
1725 5251 1841 5298 mortem
1859 5255 1957 5313 perpe·

1171 5351 1245 5397 mam
1257 5338 1373 5394 eradere
1398 5337 1478 5394 etad
1501 5336 1586 5391 vitam
1614 5344 1754 5404 aeternam,
1770 5334 1885 5392 Domino
1902 5336 1958 5392 lar·

1171 5432 1271 5504 gicnto,
1283 5430 1426 5501 pervenire
1446 5445 1599 5500 possumus.
1620 5428 1724 5485 Dehinc
1737 5442 1844 5500 quoque
1865 5428 1899 5484 ad
1913 5428 1957 5486 in·

1171 5529 1317 5592 terrogata,
1347 5528 1477 5589 quantum
1503 5535 1654 5590 possumus,
1677 5519 1797 5578 breviter
1816 5519 1893 5594 juxto
1912 5533 1956 5575 ca-

1171 5625 1273 5668 nonum
1290 5610 1412 5669 instituta
1428 5612 1591 5682 respondere
1605 5625 1740 5669 curemus
