4500 6842
298 601 354 662 035

619 599 651 655 D.
670 599 797 657 {tentet
817 601 928 657 meent
947 600 1107 656 tttctllllt‘.
1127 598 1283 655 nonunt.
1304 598 1446 654 ODEilUli
1465 600 1555 655 PARS
1576 600 1607 656 li.

1893 601 1942 656 Dii

299 719 459 779 estmadltue
469 719 545 773 rudis
552 726 624 774 esset
634 718 660 772 in
670 717 730 771 fidei
741 718 891 781 vocatione,
900 716 962 785 quia
972 715 1029 785 jam
1043 714 1095 767 Dn-
1108 719 1133 774 Α
1144 712 1276 781 judicium
1291 719 1319 765 et
1337 711 1551 767 misericordiam
1570 720 1599 767 et
1622 711 1716 767 delent.
1740 713 1807 767 llaec
1827 720 1944 781 ripemunt

301 810 369 866 mitti
380 809 463 865 uerba
478 816 645 879 perceperat,
659 816 686 861 et
695 806 799 861 eoelesti
808 807 894 876 gratia
906 805 1001 875 plenus
1017 813 1092 870 crat,

303 915 352 955 uas
365 899 526 969 appellatur,
538 913 599 952 eum
613 897 721 963 dicitnr,
734 912 782 952 uas
794 897 937 951 electionis
954 896 1022 949 turibi
1039 904 1091 951 est.

303 989 373 1045 Hine
385 998 507 1059 pastores
520 998 601 1057 atque
620 989 745 1043 doctores
759 986 894 1057 Propheta
909 987 1038 1041 atlrrtouet
1051 987 1093 1041 di·

304 1095 383 1135 cens:
396 1099 405 1129 ι
417 1078 581 1133 litandamini
593 1078 639 1148 qui
649 1077 726 1132 lectis
735 1093 798 1132 uasa
812 1077 916 1131 Domini
928 1076 995 1148 (lan.
1005 1076 1069 1148 ιιι);
1082 1097 1091 1129 ι

304 1169 355 1240 ipsi
365 1169 476 1232 eteuinr,
493 1170 570 1237 qnasi
586 1183 685 1222 mensae
704 1167 810 1222 Domini
824 1182 888 1220 vasa
904 1175 1028 1235 portant,
1048 1167 1094 1236 qui

303 1262 385 1321 uitam
397 1259 515 1314 bdelium
526 1260 672 1315 erudiendo
684 1260 809 1323 tolerant,
818 1257 1015 1328 utquandoque
1025 1259 1095 1313 hanc

304 1349 418 1405 Domino
438 1349 471 1403 ad
493 1349 679 1405 holocaustum
703 1359 730 1404 et
749 1350 912 1405 sacrificium
934 1351 1094 1421 perducant.

303 1438 357 1494 Sed
372 1453 460 1508 neque
481 1440 534 1495 laec
555 1440 722 1511 negligenter
741 1441 897 1495 intuendum
917 1451 967 1504 est,
983 1442 1053 1510 quod
1068 1442 1095 1497 in

302 1528 406 1582 eistlcm
420 1528 504 1592 vasis,
519 1528 705 1584 holocaustum
722 1539 750 1584 et
764 1530 872 1584 uictima
886 1530 986 1586 dieitur
999 1535 1097 1587 intrito-

303 1617 365 1671 lari.
380 1616 572 1673 Holocaustum
590 1620 673 1683 eninr,
689 1619 760 1674 sicut
777 1619 1041 1690 superiusdisimns‚
1057 1620 1096 1673 vi·

303 1711 385 1765 etima
398 1717 451 1765 est.
469 1709 532 1763 -Nnn
548 1720 638 1765 tamen
650 1711 759 1766 uictima
776 1726 883 1781 semper
898 1712 1095 1779 holocaustum,

303 1800 367 1869 quia
379 1815 442 1855 enm
454 1801 519 1870 quid
530 1815 563 1854 es
578 1810 656 1871 parto
668 1801 796 1866 oilertur,
813 1818 846 1857 es
862 1812 938 1873 parte
953 1806 1094 1870 retinetur,

303 1889 467 1945 sacriileinm
488 1890 597 1960 quidem
619 1901 671 1956 est,
694 1893 742 1948 sed
762 1892 949 1948 holocaustum
968 1911 1022 1949 non
1042 1904 1095 1949 est.

307 1977 379 2033 Sum
393 1993 457 2035 roro
471 1981 498 2034 in
512 1980 684 2035 multitudine
696 1997 794 2052 magna
808 1981 926 2038 ddelium
940 1984 1034 2054 aliqui,
1049 1987 1096 2055 qui

1145 800 1236 854 iacere
1249 807 1279 854 ct
1292 799 1337 853 ilia
1347 815 1401 854 non
1413 800 1541 855 omittere
1554 798 1664 870 (lintis.
1676 801 1773 871 astus).
1790 821 1801 853 ι
1818 800 1945 869 i‘erjmii-

1145 893 1217 946 cium
1228 891 1328 961 quippe
1337 898 1367 945 et
1379 890 1593 945 misericordiam
1604 898 1633 945 et
1644 889 1840 959 iidem,rnaior
1850 891 1945 960 digitus

1144 981 1311 1049 operationis
1327 980 1487 1035 ostenditur.
1495 978 1548 1033 Per
1557 980 1697 1035 mentham
1711 994 1781 1034 uero
1790 991 1819 1034 et
1827 982 1951 1036 arretinus

1147 1082 1175 1129 et
1189 1072 1325 1144 cyrisinmn
1339 1072 1439 1142 digitus
1451 1071 1546 1139 procul
1561 1070 1644 1126 dnbio
1654 1070 1790 1125 minimus
1803 1072 1944 1141 liguratur.

1146 1164 1210 1218 llaec
1224 1179 1289 1235 ergo
1299 1163 1421 1232 oportuit
1432 1162 1532 1227 lacere,
1542 1169 1571 1216 et
1584 1162 1629 1216 illa
1641 1178 1697 1215 noc
1712 1162 1850 1217 omittere
1865 1180 1871 1214 :
1886 1163 1945 1233 qnia

1146 1255 1169 1310 si
1181 1270 1250 1324 opus
1265 1264 1388 1309 nostrum
1400 1254 1489 1324 palmo
1508 1254 1598 1309 metiri
1618 1254 1767 1321 uolumus,
1781 1255 1826 1311 sie
1839 1270 1946 1311 neumae

1146 1356 1188 1402 cst
1208 1356 1238 1401 ιιι
1260 1346 1387 1401 tendatur
1406 1345 1550 1405 minimus.
1572 1355 1711 1415 quatenns
1734 1346 1828 1417 major
1850 1346 1947 1416 digitus

1147 1452 1200 1492 non
1222 1436 1384 1491 attrahatur.
1403 1434 1477 1494 Bene
1499 1443 1670 1489 autemeam
1689 1450 1857 1490 rrrenssrurn
1879 1435 1945 1490 labia

1147 1526 1308 1590 metiuntur,
1319 1534 1347 1581 et
1358 1539 1486 1580 mensura
1499 1524 1581 1593 palmi
1597 1524 1710 1588 dieitur,
1726 1526 1843 1579 additur
1852 1527 1944 1581 unius:

1148 1624 1177 1669 ut
1188 1629 1221 1668 ex
1235 1619 1375 1670 <lectonam
1389 1613 1582 1685 praedieatione
1593 1622 1664 1669 stent
1682 1614 1780 1670 unitas
1799 1624 1911 1669 tenetur
1921 1616 1944 1670 is

1148 1706 1210 1771 side,
1226 1706 1261 1759 ita
1278 1720 1386 1774 qunque
1407 1706 1498 1760 unitas
1520 1704 1652 1759 mentium
1665 1716 1796 1760 seruetur
1813 1706 1842 1759 in
1856 1722 1944 1776 opere,

1147 1813 1182 1852 ne
1194 1812 1243 1867 per
1256 1812 1325 1867 opus
1339 1796 1449 1857 bonum,
1461 1796 1532 1865 qued
1546 1795 1616 1850 aiter
1627 1796 1694 1866 agit,
1711 1795 1784 1849 alter
1797 1797 1833 1850 ad
1848 1798 1945 1851 discor·

1148 1890 1199 1944 diae
1214 1888 1314 1943 malum
1329 1896 1498 1959 prorumpat.
1521 1887 1559 1942 lta
1571 1888 1644 1942 enim
1661 1887 1736 1943 bona
1758 1904 1845 1957 opera
1862 1889 1945 1943 iacere

1148 1982 1287 2046 debemus,
1309 1990 1340 2035 ut
1355 1997 1405 2051 per
1426 1981 1484 2036 lime
1503 1995 1611 2051 quoquae
1625 1980 1750 2035 cumbis
1771 1997 1838 2036 eum
1853 1984 1945 2051 quibas

303 2085 347 2136 en,
362 2087 422 2141 qnae
437 2072 529 2126 mundi
539 2083 615 2139 sunt,
629 2073 719 2127 omnia
735 2073 909 2143 relinquunt,
925 2084 1021 2131 cuncta
1036 2092 1097 2146 quae
1111 2062 1135 2121 Β
1150 2072 1265 2127 vivimus
1280 2072 1486 2126 unanimitatem
1506 2086 1534 2125 m
1553 2078 1685 2141 (tutulum
1712 2079 1789 2126 mie
1805 2086 1945 2141 possum&

303 2162 442 2229 possident
458 2163 594 2227 tribuunt,
615 2163 684 2218 nibil
705 2163 880 2234 sibimetipsis
898 2161 1049 2231 reservant,
1062 2168 1096 2222 ad

303 2258 432 2304 aeternam
444 2252 558 2321 patriam
572 2253 726 2308 medullitus
740 2255 879 2323 artbelant,
895 2272 977 2326 seque
990 2274 1025 2313 cx
1039 2266 1096 2314 toto

304 2342 387 2395 eorde
400 2341 426 2395 iu
445 2341 573 2413 iacryrnis
586 2352 717 2399 ritaetant.
735 2344 767 2398 ili
788 2346 913 2402 uidelicet
932 2364 996 2403 uasa
1015 2365 1097 2420 super

305 2443 427 2484 inensam
442 2440 514 2494 sunt,
532 2435 558 2486 in
573 2433 672 2502 quibus
682 2435 1046 2493 immolaturboloeaustnm.
1063 2439 1098 2495 Et

304 2531 368 2575 sunt
381 2520 435 2586 alii,
452 2522 497 2590 qui
512 2537 605 2577 curam
619 2517 735 2593 propriae
752 2526 847 2581 domus
860 2537 966 2597 gerunt,
981 2528 1015 2585 de
1034 2528 1096 2586 liliis

304 2610 441 2680 cogitant,
465 2612 558 2680 eisque
580 2614 765 2669 haereditatem
789 2626 914 2683 serrant,
939 2619 986 2688 qni
1008 2628 1097 2675 tamen

303 2698 399 2754 aterni
418 2697 512 2766 judieii
535 2716 671 2757 memores
694 2704 910 2760 misericordiam
933 2708 1097 2780 pauperibus

304 2788 474 2859 impendunt,
487 2792 615 2848 alimenta
628 2811 661 2851 ac
672 2797 833 2853 uestimenta
847 2800 888 2854 cis
903 2816 936 2855 ex
950 2812 1028 2871 parte
1042 2819 1097 2873 qua

306 2880 477 2937 decreverint
491 2884 613 2940 tribuunt
628 2903 635 2939 ε
655 2888 682 2942 hi
704 2889 832 2944 nimirum
845 2906 909 2946 rasa
922 2907 1005 2964 super
1021 2909 1098 2950 men-

305 2987 364 3028 sam
377 2982 451 3039 sunt,
465 2976 491 3029 in
506 2976 604 3045 quibus
622 2978 733 3034 uictima
753 2982 892 3038 immolata
913 2994 966 3050 est,
982 3002 1035 3041 raon
1051 2989 1099 3043 lio-

305 3064 468 3120 incaustum.
484 3066 551 3133 Quia
565 3069 637 3123 enim
652 3072 783 3139 patientia
800 3083 828 3127 et
846 3074 969 3130 doctrina
990 3088 1098 3135 saneto-

306 3173 368 3213 rnm
381 3157 550 3214 admonendo
561 3168 590 3215 et
599 3162 772 3228 sustinendo,
790 3165 928 3221 suadendo
946 3176 1027 3237 ablue
1044 3178 1099 3224 ter·

307 3250 609 3307 rendoaliorumcorda
620 3256 749 3323 usquead
762 3255 812 3311 hoc
824 3258 962 3323 erudiunt,
970 3269 1000 3313 ιιι
1008 3263 1098 3316 omnia

306 3341 448 3406 deserant,
465 3350 493 3395 et
513 3350 585 3397 totos
603 3357 633 3397 se
653 3344 680 3397 in
703 3360 795 3400 amore
817 3346 922 3402 Domini
938 3351 1095 3405 accendant.

1149 2176 1357 2217 corrservemus:
1373 2160 1468 2225 idest,
1481 2177 1534 2215 nnn
1550 2160 1721 2224 deserendo,
1738 2162 1814 2230 quod
1828 2161 1943 2231 aginrns,

1149 2254 1197 2309 sed
1219 2253 1408 2323 praesciendo
1428 2251 1507 2307 bonis
1521 2250 1750 2321 persuasionibus
1776 2252 1880 2305 nralnus
1895 2253 1945 2306 dis·

1149 2349 1249 2407 cordiae
1271 2348 1343 2418 qnod
1372 2347 1508 2402 timemus.
1532 2344 1705 2401 Pensmdum
1727 2359 1797 2399 uero
1811 2353 1857 2400 est
1874 2346 1944 2401 ualde

1150 2441 1222 2511 qnod
1236 2438 1354 2493 dieitur:
1378 2456 1388 2488 ι
1403 2437 1467 2506 qnia
1478 2435 1636 2491 earurndem
1650 2449 1816 2490 mensarum
1827 2435 1898 2490 labia
1909 2437 1945 2490 ic·

1151 2531 1235 2585 terius
1249 2536 1312 2585 sunt
1330 2528 1430 2583 redesa
1442 2542 1450 2582 ι
1461 2546 1471 2580 ι
1481 2534 1546 2582 tune
1560 2526 1632 2582 euim
1646 2540 1809 2580 mensarum
1825 2525 1897 2580 labia
1910 2526 1945 2581 is-

1148 2606 1287 2674 ¹trinsecus
1298 2616 1484 2681 reflectuntur,
1498 2616 1607 2686 quando
1620 2616 1751 2671 doctores
1764 2617 1800 2671 ad
1812 2617 1946 2672 tonsderr-

1152 2708 1217 2761 tiam
1227 2715 1357 2762 revocant
1370 2706 1452 2761 tacita
1463 2705 1627 2777 cogitatione
1637 2706 1712 2776 qnod
1724 2707 1836 2773 dieunt,
1845 2709 1946 2778 quanda

1151 2798 1312 2866 aeriretipsos
1323 2796 1459 2851 subtiliter
1471 2803 1678 2866 perscrutantur
1696 2797 1722 2851 si
1741 2796 1865 2863 iaciunt,
1880 2798 1946 2868 quod

1152 2886 1309 2956 loquumur.
1318 2886 1419 2940 Ductor
1427 2900 1493 2956 ergo
1503 2886 1548 2940 cui
1556 2886 1590 2940 de
1601 2885 1757 2956 discipliane
1767 2889 1947 2943 moderamine

1151 2978 1225 3049 loqui
1238 2992 1351 3034 necesse
1361 2985 1415 3042 cst,
1429 2991 1549 3032 ntensam
1564 2976 1612 3033 Dei
1622 2993 1684 3033 esse
1699 2994 1732 3034 se
1744 2980 1828 3044 sciat,
1841 2997 1901 3051 qnae
1911 2982 1946 3034 in·

1152 3080 1196 3126 tus
1209 3071 1313 3125 labrum
1328 3068 1450 3125 reflectat
1463 3088 1469 3123 :
1488 3079 1519 3124 nt
1529 3070 1602 3139 quod
1613 3069 1740 3126 docendo
1752 3070 1886 3141 loquitur,
1901 3074 1947 3126 boe

1152 3162 1202 3219 sub
1229 3162 1402 3217 discretionis
1419 3162 1516 3232 spiritu
1540 3160 1686 3233 vigilanter
1703 3172 1850 3233 operetur,
1866 3168 1945 3220 ascesi

1152 3253 1275 3321 quaedam
1290 3252 1342 3307 sibi
1355 3253 1449 3307 deesse
1462 3252 1627 3318 considerat,
1642 3263 1756 3323 oportet
1765 3264 1797 3310 nt
1808 3257 1845 3311 ab
1859 3273 1946 3311 eonem

1153 3340 1346 3409 predicatione
1357 3340 1532 3415 conticescat.
1544 3340 1632 3396 Locus
1644 3342 1749 3414 quippe
1758 3343 1820 3413 ejas
1831 3346 1913 3417 exigit
1922 3355 1948 3399 nt

307 3430 429 3485 diiomra
444 3446 508 3485 uero
521 3432 554 3485 ad
568 3433 619 3487 hoc
633 3448 719 3503 usque
733 3435 880 3503 instruunt,
894 3440 996 3509 utquia
1008 3443 1099 3496 ostiaria
1113 3416 1136 3478 C
1152 3429 1286 3498 ¹⁰illilus·
1303 3430 1400 3485 Vlffbss
1412 3445 1477 3502 ΕΓιιθ
1490 3431 1546 3486 ⁸⁰5⁵
1559 3433 1740 3503 ⁸⁸¹¹¹⁰²5D5¹¹¹¹¹
1756 3438 1912 3498 00¹¹V⁰¹¹l³b
1924 3447 1949 3492 ‘i

306 3519 461 3589 relinquere
477 3536 530 3574 non
548 3521 656 3587 valent,
672 3523 713 3576 rel
727 3534 850 3594 exparte
864 3541 918 3596 qna
934 3528 1097 3598 praevalent,

306 3612 498 3684 {inisericordes
512 3611 590 3678 liant,
608 3622 635 3669 et
647 3615 738 3669 carnis
750 3630 843 3670 curam
856 3633 917 3672 com
928 3617 1025 3673 animae
1034 3634 1101 3675 eura

306 3707 477 3777 partiantur,
492 3722 594 3763 mense
609 3707 715 3763 Demim
734 3708 768 3764 de
785 3710 897 3779 quadris
912 3710 1046 3780 lapidibus
1061 3713 1102 3767 in-

306 3804 418 3852 structae
433 3813 496 3852 vasa
514 3807 624 3867 portant
644 3799 672 3853 in
692 3800 791 3869 quibus
806 3800 961 3856 immolatur
974 3802 1101 3857 holocau-

310 3894 379 3939 stnm
396 3894 423 3939 et
433 3886 561 3941 uictima:
580 3888 645 3957 quia
658 3897 686 3943 et
704 3887 830 3958 perlecti,
841 3890 912 3945 sieut
930 3892 1100 3957 dictumest,

307 3990 371 4029 curn
389 3976 480 4030 omnia
503 3976 638 4039 deserunt.
657 3984 743 4032 totum
763 3993 811 4033 eor
831 3980 859 4033 in
880 3995 974 4035 amore
995 3981 1101 4038 Domini

307 4066 470 4133 accendunt,
491 4079 520 4122 et
540 4067 691 4138 imperiecti
707 4069 870 4125 sacrificium
884 4070 1017 4137 oberunt,
1030 4073 1102 4142 quod

308 4173 341 4211 cx
355 4168 432 4225 parte
444 4158 619 4216 deuouemnt.
634 4158 782 4230 Sequitur:

349 4266 358 4297 t
377 4247 491 4303 Etlabia
507 4264 599 4303 earum
619 4250 700 4320 palnri
722 4253 801 4307 unitis
820 4252 919 4309 reilesa
937 4255 1102 4311 intrinsecus

308 4350 358 4407 per
372 4337 526 4391 circuitum.
542 4357 551 4388 ι
571 4338 640 4405 Quid
654 4349 695 4395 est
705 4341 767 4407 hoe,
779 4345 850 4411 qnod
863 4360 1018 4401 niensarum
1031 4348 1102 4403 labia

307 4427 401 4496 palmo
415 4426 578 4491 metiuntur,
595 4428 647 4482 nisi
662 4430 734 4498 qnod
749 4431 775 4484 in
794 4432 884 4502 palmo
903 4450 999 4491 marrus
1015 4437 1103 4493 tendi-

310 4526 365 4580 tur,
380 4527 408 4573 et
419 4518 506 4573 sancti
519 4518 615 4574 Patres
628 4528 711 4589 atque
723 4520 850 4578 doctores
860 4539 891 4578 ca
905 4526 1101 4593 praedicantia

310 4607 412 4676 quibus
424 4608 577 4662 auditorum
593 4622 674 4678 opera
689 4611 942 4679 tendanturtQuasi
956 4616 1028 4670 enim
1042 4633 1102 4672 ma-

310 4714 375 4753 num
389 4698 571 4764 estetrdirnus,
588 4713 649 4754 cum
663 4716 746 4770 opera
762 4709 855 4756 nostra
874 4703 1028 4761 dilatamus.
1048 4705 1102 4762 Lo-

1153 3520 1175 3574 si
1187 3535 1240 3575 non
1251 3520 1310 3586 idco
1319 3518 1448 3588 loquitur,
1456 3522 1520 3592 quia
1530 3537 1583 3576 non
1592 3534 1736 3591 operatur,
1745 3526 1946 3596 ideooperetur,

1153 3607 1216 3676 qnia
1234 3607 1308 3678 loqui
1318 3608 1499 3678 compellitur.
1513 3608 1563 3665 Ubi
1576 3610 1668 3680 itaque
1682 3628 1713 3668 se
1726 3616 1949 3686 conspicitopere

1153 3698 1264 3768 implere
1276 3700 1349 3768 quod
1359 3699 1441 3762 dicit.
1460 3701 1498 3756 ibi
1513 3701 1653 3759 auditores
1668 3705 1830 3772 admoneat,
1847 3727 1948 3765 comm·

1153 3801 1206 3857 que
1219 3788 1324 3844 animos
1336 3789 1370 3844 ad
1388 3790 1507 3845 studium
1521 3791 1601 3848 boam
1619 3798 1793 3865 operationis
1809 3803 1947 3855 aecendn.

1155 3878 1206 3934 Ubi
1219 3887 1308 3933 autem
1320 3880 1436 3935 necdum
1452 3897 1481 3936 se
1493 3882 1568 3938 uidet
1581 3884 1720 3954 implesse,
1736 3890 1812 3958 qnod
1824 3891 1947 3961 loquitur,

1153 3969 1188 4022 ad
1200 3969 1270 4023 bom
1283 3969 1427 4039 dequibus
1441 3972 1579 4027 auditores
1590 3975 1730 4041 admonet,
1743 3994 1775 4033 se
1787 3996 1897 4051 quoqne
1907 3997 1948 4051 pa·

1154 4057 1221 4112 riter
1237 4058 1386 4113 inflammet
1399 4072 1428 4115 ut
1442 4061 1498 4130 ipse
1511 4064 1594 4117 etiam
1612 4065 1694 4119 simul
1708 4069 1799 4125 discat
1813 4071 1840 4125 in
1855 4087 1948 4141 optem,

1153 4154 1225 4224 qnod
1239 4169 1288 4225 per
1300 4169 1362 4210 eum
1377 4156 1498 4226 loquitur
1506 4158 1612 4213 Veritas
1622 4160 1649 4213 in
1660 4163 1869 4229 praedicatione.
1878 4164 1949 4235 sape

1154 4245 1229 4299 euim
1241 4246 1312 4314 quod
1326 4247 1443 4301 uiuendo
1454 4248 1590 4304 nescimus
1606 4252 1741 4319 compulsi
1755 4253 1895 4310 locutione
1906 4263 1949 4310 eo-

1154 4334 1249 4388 ctrinn
1261 4334 1397 4404 loquendo
1408 4336 1548 4402 discimus,
1563 4347 1591 4394 et
1603 4340 1668 4393 dum
1682 4341 1716 4396 de
1732 4344 1901 4415 cogitatione
1911 4348 1949 4417 pi·

1154 4426 1241 4498 gritiae
1253 4434 1353 4481 nostrae
1362 4436 1455 4483 reatus
1465 4430 1587 4484 nascitur
1597 4430 1733 4495 inruente,
1743 4437 1870 4493 eamdem
1881 4455 1949 4493 uicu-

1154 4527 1209 4573 tem
1220 4520 1392 4588 compunctio
1405 4518 1497 4574 subito
1511 4520 1607 4575 oborta
1623 4524 1852 4594 transverberat,
1864 4537 1892 4583 et
1904 4544 1947 4582 sna

1154 4624 1220 4665 uoce
1232 4610 1350 4665 excitata
1360 4610 1469 4679 evigilat
1483 4612 1611 4680 inopere,
1624 4626 1685 4682 qnae
1694 4616 1774 4683 prins
1784 4618 1910 4689 torpebat
1922 4620 1947 4673 ia

1153 4700 1210 4754 otio
1226 4701 1284 4756 sine
1294 4715 1370 4755 uoce.
1386 4700 1456 4756 Ecce
1468 4705 1540 4756 enim
1552 4718 1614 4757 cum
1627 4717 1731 4760 mensae
1745 4706 1850 4762 labium
1862 4709 1946 4779 palmo

310 4800 412 4861 (paratur
422 4806 487 4860 ergo
502 4791 687 4861 uniusquisque
697 4790 800 4856 doctor,
816 4807 864 4847 cor
873 4794 1008 4851 audientis
1020 4812 1100 4853 erer—
1116 4769 1142 4829 D
1156 4775 1284 4854 tenditu'r,
1292 4789 1319 4844 id
1328 4800 1436 4860 est,per
1443 4791 1563 4847 (¹⁰⁰¹0lis
1571 4802 1703 4848 ⁰Stt>⁸im
1710 4794 1779 4850 liiii
1789 4797 1945 4869 disputate,

311 4891 384 4947 eeat,
400 4883 551 4938 otiosorum
574 4891 709 4952 torporem
732 4884 866 4948 exentiat,
891 4888 1044 4957 quosdam
1067 4890 1101 4945 ad

313 4985 393 5039 spera
405 4973 563 5037 tetenderit,
578 4973 696 5043 palmum
715 4992 744 5030 se
760 4976 859 5032 habere
875 4978 901 5033 in
921 4980 1000 5035 labiis
1011 4990 1102 5035 oslen-

313 5063 367 5117 dut.
381 5063 550 5119 Peccantem
563 5081 670 5137 qnoque
683 5068 745 5138 quia
760 5068 786 5122 in
798 5070 889 5139 palmo
901 5071 1001 5143 digitus
1015 5073 1102 5142 major

315 5166 346 5205 se
360 5152 486 5207 induimus
504 5154 630 5209 tenditur.
649 5156 719 5225 Quid
732 5174 797 5213 uero
818 5158 914 5230 maiori
935 5176 967 5217 ae
990 5162 1102 5219 mirtirne

312 5243 407 5314 digito,
424 5244 475 5298 nisi
489 5259 587 5315 magna
602 5254 629 5300 et
638 5257 760 5304 extrema
772 5250 844 5305 actio
857 5252 1032 5323 designatur?
1045 5254 1103 5309 Pal-

314 5349 388 5389 mum
402 5349 468 5406 ergo
480 5350 580 5390 mensa>
592 5337 620 5391 in
636 5337 706 5393 labio
722 5340 848 5408 habeam,
868 5351 1002 5413 quatenus
1013 5346 1041 5399 in
1056 5346 1103 5401 do·

312 5434 420 5481 etornm
434 5441 545 5481 suorum
560 5428 751 5498 praedieatione
766 5432 893 5503 vigilent,
907 5443 934 5489 et
948 5438 988 5491 sic
1005 5451 1039 5491 ex
1059 5453 1102 5495 co·

245 5560 251 5579 ,
315 5532 376 5572 anm
387 5518 571 5573 admonitione
586 5535 682 5591 niagna
695 5536 777 5592 opera
791 5522 908 5590 iniciant,
932 5536 961 5581 ut
980 5542 1061 5598 agere
1072 5538 1103 5584 et

310 5611 426 5666 truinima
439 5625 493 5666 non
506 5611 641 5667 omittant.
664 5614 709 5669 Sic
730 5616 849 5672 minimis
869 5618 964 5674 intenti
985 5620 1055 5687 sint,
1073 5632 1104 5678 ut

313 5703 383 5775 pigri
394 5705 421 5758 in
433 5706 544 5775 agends
558 5706 706 5776 majoribus
719 5723 773 5763 non
788 5708 852 5763 sint.
871 5709 947 5766 Unde
959 5728 1007 5783 per
1017 5713 1104 5768 Euan-

314 5794 414 5863 gelinm
433 5793 540 5850 Veritas
561 5795 646 5851 dicit:
667 5815 676 5846 ι
695 5797 739 5851 Vae
753 5796 838 5861 vobis,
853 5800 951 5856 scribae
964 5810 990 5855 et
1004 5802 1102 5857 Phari-

1154 4890 1238 4949 atqnc
1252 4880 1286 4934 ad
1297 4882 1367 4935 bona
1377 4896 1460 4952 opera
1471 4882 1683 4938 eorauditornm
1696 4886 1869 4951 accenditur,
1877 4888 1947 4943 muli

1155 4971 1202 5041 qui
1217 4968 1276 5038 ejus
1289 4970 1372 5025 uerba
1387 4972 1510 5037 audiunt,
1525 4981 1625 5042 quanta
1638 4973 1680 5028 vel
1699 4975 1794 5043 qualia
1808 4978 1880 5033 nrala
1890 4994 1947 5050 per·

1155 5061 1541 5130 petrarerintreeognoscunt,
1559 5073 1641 5132 atque
1651 5065 1686 5118 ad
1708 5078 1776 5120 eum
1791 5068 1948 5122 conditones

1155 5153 1284 5219 vestiunt,
1305 5168 1368 5209 eum
1388 5156 1574 5224 propeccatis
1594 5156 1651 5212 suis
1666 5156 1879 5215 intercessorem
1895 5160 1946 5215 fieri
1974 5232 1977 5240 Ι

1155 5262 1217 5301 cnm
1237 5244 1346 5301 fletibus
1359 5254 1470 5317 petunt,
1487 5248 1589 5319 etipse
1608 5249 1711 5305 orando
1732 5252 1828 5309 deleat
1842 5255 1945 5327 cuipas,

1155 5351 1224 5404 equas
1233 5336 1406 5405 predicando
1420 5338 1586 5394 manifestat.
1604 5339 1680 5397 Unde
1692 5349 1720 5396 ct
1733 5344 1881 5400 subditur:

1193 5454 1202 5487 ι
1217 5435 1305 5507 Super
1317 5452 1426 5493 mensas
1439 5448 1530 5493 autem
1543 5455 1640 5495 earnes
1649 5441 1807 5500 oblationis.
1826 5466 1836 5499 ι
1857 5447 1945 5502 Docto·

1155 5527 1310 5581 reseteninr
1325 5529 1411 5583 sancti
1430 5542 1493 5583 eum
1516 5545 1566 5600 pro
1585 5532 1758 5601 compunctis
1777 5550 1809 5590 ac
1825 5547 1943 5607 peecato-

1155 5616 1230 5671 ribus
1244 5625 1324 5686 atque
1333 5617 1526 5674 confitentibus
1538 5620 1717 5691 omnipotenti
1730 5622 1849 5681 Domino
1859 5641 1944 5698 preces

1146 5706 1336 5777 -iundunt,per
1346 5710 1407 5773 bec,
1419 5710 1490 5778 quod
1502 5711 1607 5765 verriana
1619 5726 1668 5781 pro
1678 5715 1785 5770 caritati
1795 5719 1943 5771 eomrnt'ita

1154 5795 1302 5867 postulant,
1313 5814 1414 5853 mensae
1432 5799 1538 5854 θοιιιίιιι
1554 5815 1651 5854 carnes
1667 5800 1817 5859 oblationis
1831 5815 1940 5875 portant.

315 5883 360 5937 sat
377 5884 540 5954 hypocrite,
554 5886 617 5955 quia
635 5887 774 5942 decimatis
793 5891 930 5946 nientlram
947 5896 1111 5949 ctanetlmm
1156 5893 1191 5949 llt
1205 5909 1270 5965 crgo
1280 5895 1334 5950 sint
1346 5910 1395 5965 pro
1406 5897 1505 5965 ‹pnbus
1514 5897 1653 5951 conuersis
1663 5906 1691 5950 et
1703 5898 1832 5953 dieritibus
1844 5910 1940 5971 regern.

314 5979 343 6026 et
355 5973 504 6032 senticum.
520 5985 548 6031 et
561 5976 713 6047 relinquitis
737 5995 796 6049 ιμιιιι
812 5982 934 6050 graviora
949 5996 1010 6038 sttnt
1024 5982 1101 6054 legis,

1154 5994 1259 6054 ‹rpentet
1276 5993 1305 6040 nt
1315 5986 1416 6041 eisdem
1428 5986 1503 6056 prius
1517 5987 1543 6039 in
1556 5994 1668 6055 peceato
1678 5986 1778 6055 postris
1789 5990 1941 6059 predicent,
