4500 6842
262 641 263 645 ’
297 626 348 684 ιέἰ

782 594 935 689 trasturas
955 633 999 688 nn
1018 633 1139 690 aestus
1158 634 1365 703 anacteum,
1386 637 1461 695 era

1881 642 1934 699 tat

294 740 442 815 praesentis
460 738 569 806 muli,
585 754 619 795 ne
637 737 707 795 lorte
720 755 769 795 uos
788 741 845 797 dies
861 742 954 796 ultima
971 742 1092 811 implica·
1107 749 1130 805 Α
1144 759 1233 799 omme
1246 747 1384 800 enarratio
1398 754 1487 800 restra
1504 747 1530 801 iu
1544 749 1686 818 praeceptis
1705 750 1846 806 ditissimi.
1865 751 1935 811 llam

295 844 341 891 tos
365 834 409 889 his
430 830 659 898 omnituentes,
684 839 787 888 etcum
806 834 973 889 amatoribus
999 835 1090 889 mundi

294 936 399 983 εειειιιο
411 939 524 980 carcere
536 924 686 995 puniendos
700 926 799 979 trudat.
812 926 865 981 Per
876 927 971 981 lsaiam
984 944 1091 998 atroque

292 1016 458 1088 propnetam
469 1014 601 1069 Dominus
613 1017 782 1086 potatoribus
794 1017 828 1071 ita
841 1019 1018 1083 saturninam,
1032 1021 1067 1075 ait
1082 1038 1089 1075 :

300 1104 348 1162 l'oe
366 1107 445 1162 robis
458 1109 504 1179 psi
516 1109 672 1179 consurpitis
688 1126 763 1163 marte
777 1109 812 1164 ad
827 1111 975 1165 ebrietatem
990 1121 1092 1168 sectan-

293 1198 375 1263 dam,
389 1207 414 1252 ct
428 1197 573 1269 potandum
585 1214 666 1270 usaue
678 1198 713 1252 ati
724 1216 871 1269 uesperam,
885 1210 912 1253 at
927 1202 986 1255 uino
999 1212 1090 1255 astae·

292 1288 329 1342 tis
341 1303 352 1342 .·
365 1288 469 1342 citltara
486 1296 511 1342 et
528 1287 602 1358 ipra,
618 1298 642 1341 ει
655 1297 806 1357 tympanum
825 1297 849 1342 ει
865 1290 944 1352 tiln'a.
961 1300 984 1343 ει
1003 1292 1090 1344 uinum

292 1379 322 1433 in
337 1378 462 1433 emniriis
477 1377 586 1444 uestris,
602 1389 705 1447 etopus
721 1377 824 1433 Domini
839 1395 891 1433 non
907 1382 1050 1449 respicitis,
1065 1391 1089 1435 et

292 1484 374 1539 opera
387 1484 516 1522 manuum
527 1469 585 1539 ejus
597 1485 648 1523 nou
662 1469 842 1525 scanderatis.
856 1468 997 1541 Propterea
1011 1472 1092 1541 capti·

292 1574 342 1611 aas
359 1556 456 1612 ductus
475 1567 513 1611 εει
532 1556 661 1628 ρερειεε,
682 1559 744 1629 quia
766 1576 817 1613 nort
831 1561 921 1614 haberit
936 1563 1088 1627 scientiam,

291 1664 317 1707 et
331 1652 431 1709 nobiles
441 1652 504 1727 ¹ejas
519 1651 672 1706 interierunt
685 1652 769 1721 same,
784 1662 808 1706 ει
821 1652 960 1708 nrttltitudo
975 1654 1031 1723 ejas
1045 1656 1089 1709 siti

290 1747 409 1800 exaruit.
429 1742 573 1816 Propterea
591 1744 710 1799 dilatarit
727 1746 845 1815 infernus
861 1749 976 1801 animam
993 1764 1088 1813 suam,

291 1852 317 1894 et
332 1841 435 1910 apertat
451 1856 570 1895 ossuum
585 1839 681 1911 aisque
692 1840 747 1895 ullo
763 1841 884 1906 termino,
896 1851 919 1895 ct
934 1842 1089 1896 descendent

1143 837 1225 891 ltomo
1245 837 1400 908 linguosus,
1421 847 1449 892 et
1467 840 1627 894 tenrcmrius
1644 841 1670 894 in
1687 842 1769 897 terno
1791 859 1858 910 suo,
1876 844 1936 901 otl't·

1142 925 1206 981 bilis
1220 937 1277 992 est,
1299 929 1379 997 quia,
1401 937 1430 983 ut
1448 930 1581 999 seriptum
1602 941 1665 987 est:
1683 936 1735 997 (ui
1755 936 1936 1000 incorrsidcrtt·

1141 1027 1183 1070 tus
1203 1026 1240 1071 εει
1260 1017 1294 1070 εει
1320 1018 1499 1088 loquentium,
1523 1023 1615 1075 sentiet
1637 1022 1708 1077 maia
1734 1024 1834 1094 (Pron.
1851 1028 1932 1100 ιιιι).

1142 1104 1332 1160 llecordamini
1355 1109 1489 1177 quotuotlo
1510 1110 1639 1166 Dominus
1653 1130 1734 1184 supra
1748 1118 1934 1175 sacerdotium

1141 1196 1197 1249 stris
1217 1204 1244 1249 et
1263 1196 1395 1252 ministris
1420 1198 1586 1253 tabernaculi
1611 1201 1707 1255 stride
1729 1205 1861 1260 ebrietate
1885 1223 1934 1261 ea·

1142 1275 1227 1340 ro'nda
1250 1288 1400 1357 pracepit:
1428 1304 1476 1344 tos
1498 1291 1570 1344 eninr
1591 1306 1701 1355 ornnes,
1721 1301 1789 1347 teste
1811 1296 1934 1366 apostolo

1141 1377 1236 1441 Petro,
1260 1378 1327 1432 estis
1351 1394 1435 1448 gentis
1459 1380 1582 1449 regium,
1607 1390 1636 1434 et
1658 1383 1841 1449 sacerdotale,
1867 1401 1934 1456 geste

1141 1477 1252 1534 sancta,
1266 1469 1380 1540 populus
1394 1470 1581 1538 acquisitionis
1595 1470 1626 1541 (1
1642 1468 1712 1526 Patr.
1729 1474 1786 1544 n);
1803 1476 1848 1545 qui
1863 1491 1933 1545 quo·

1142 1560 1206 1613 tidie
1224 1558 1329 1614 dclretis
1348 1559 1403 1613 Deo
1421 1562 1524 1615 seruire
1547 1562 1573 1615 in
1593 1576 1657 1617 vcro
1670 1564 1729 1633 ejus
1745 1565 1933 1637 tabernaculo,

1140 1650 1212 1718 qrrod
1226 1658 1269 1705 est
1284 1649 1415 1705 Ecclesia.
1441 1650 1579 1716 Quiescite
1592 1660 1621 1705 ct
1636 1653 1768 1708 alrstiaete
1788 1669 1836 1709 ros
1853 1669 1868 1708 a
1886 1670 1933 1710 co·

1141 1745 1305 1798 messatioue
1318 1752 1347 1798 et
1356 1744 1487 1798 ebrietate
1497 1785 1504 1808 ,
1516 1759 1531 1797 a
1544 1743 1717 1813 loquacitate,
1730 1761 1745 1799 a
1757 1746 1931 1813 scurrilitate,

1140 1850 1155 1888 a
1170 1837 1300 1899 uanitate,
1314 1844 1341 1890 et
1354 1850 1462 1904 semper
1475 1836 1546 1904 qnod
1560 1836 1660 1891 honum
1675 1847 1717 1891 est
1730 1838 1870 1893 sectamini
1885 1838 1928 1892 in·

291 1931 376 2001 [ortes
394 1932 453 2001 ejus
473 1941 498 1986 et
515 1931 627 2003 populns
650 1932 724 2002 ejas,
745 1942 770 1985 et
790 1933 914 1987 sublimes
929 1933 1088 2005 ploriositptc
1140 1927 1226 1981 licem
1238 1936 1265 1980 ⁰²
1276 1926 1304 1979 1¹¹
1316 1941 1422 1991 Omnes,
1434 1926 1532 1995 atejus
1545 1926 1603 1979 fieri
1620 1928 1741 1981 membra
1755 1926 1930 1991 ¹¹¹0s0³¹¹¹i¹¹ls

290 2021 352 2090 ejus
366 2021 402 2073 ad
416 2036 477 2075 cum
491 2019 563 2091 (lso.
575 2020 618 2093 a).
635 2019 700 2075 ltcm
715 2021 741 2076 in
756 2021 850 2076 eodem
863 2024 992 2093 propheta
1007 2024 1088 2093 paulo
1140 2016 1185 2087 atti
1202 2024 1243 2071 cst
1254 2030 1334 2070 rems
1347 2016 1474 2071 sacerdos
1487 2025 1515 2069 et
1528 2032 1608 2072 retus
1619 2017 1749 2071 Dorulaus
1759 2028 1862 2082 noster,
1873 2018 1932 2074 lies

290 2120 356 2182 post
366 2110 458 2165 diuina
468 2111 619 2181 increpatio
631 2110 780 2181 subjnngit‚
794 2113 887 2168 diceas
902 2132 910 2168 ς
928 2114 974 2169 Voe
987 2116 1032 2187 qni
1042 2133 1088 2187 pn.
1102 2121 1125 2181 Β
1140 2123 1234 2179 regum
1248 2118 1276 2163 et
1291 2108 1420 2162 llorrriuas
1434 2107 1618 2172 dominorum,
1633 2107 1712 2163 lesus
1726 2108 1851 2163 Christus
1866 2110 1929 2163 uni·

291 2212 376 2256 tentes
391 2204 454 2255 estis
469 2202 505 2254 ad
518 2202 656 2257 libertatum
671 2203 774 2279 uinum,
791 2212 814 2258 et
824 2205 878 2258 oiri
892 2206 973 2275 sortes
989 2206 1024 2260 ad
1038 2209 1089 2261 ati·
1140 2201 1248 2271 genitus
1262 2200 1310 2255 Dei
1324 2200 1425 2264 Filius,
1441 2200 1487 2268 qui
1503 2214 1564 2253 eum
1579 2199 1660 2253 Patre
1673 2208 1701 2254 et
1717 2199 1820 2269 Spiritu
1834 2208 1930 2255 saneto

290 2289 419 2344 scendunt
433 2289 604 2344 cincturam:
617 2292 663 2362 ρει·
674 2293 831 2361 justificatis
844 2296 952 2364 impium
967 2314 1015 2367 pro
1029 2315 1088 2352 ma·
1140 2294 1206 2347 rtrrt
1226 2301 1254 2347 et
1272 2300 1367 2362 regnat
1388 2291 1459 2345 Dens
1480 2290 1506 2344 in
1526 2289 1617 2346 omnia
1637 2290 1736 2345 sucula
1758 2290 1929 2346 soculmmn

291 2382 420 2447 neribus,
442 2393 467 2436 et
485 2382 618 2452 jttstitt'am
637 2384 706 2453 justi
728 2386 838 2455 aufertis
859 2389 891 2440 ab
912 2405 951 2441 eo.
980 2388 1114 2459 Propter·
1139 2383 1235 2439 Aulon·

290 2471 385 2541 quod,
405 2472 473 2526 sicat
490 2472 597 2527 autores
614 2473 739 2543 stipulam
757 2473 846 2545 linptto
865 2477 954 2545 ipris,
975 2487 999 2531 et
1018 2477 1090 2531 calor
1407 2472 1548 2528 llOlllle
1571 2473 1660 2528 tritt.

291 2562 410 2631 plemma
432 2562 540 2615 exurit:
562 2563 600 2615 sic
622 2563 700 2617 radia
718 2579 809 2617 eorum
827 2566 903 2632 quasi
916 2565 1006 2635 [anilla
1021 2567 1088 2631 erit,
1176 2581 1209 2619 oe
1220 2578 1318 2620 sruoro
1332 2579 1400 2619 nouo
1412 2581 1447 2619 ει
1462 2579 1636 2619 orscaertons
1652 2579 1752 2619 senuna
1764 2578 1895 2619 tuterunt.

289 2660 316 2704 et
329 2665 437 2720 permen
452 2666 542 2704 corum
556 2660 586 2704 ut
599 2651 684 2723 puluis
698 2653 828 2708 ascendet.
844 2654 1001 2726 objecerunt
1019 2658 1088 2711 enim
1176 2654 1341 2725 Redemptor
1356 2655 1448 2725 itaque
1462 2664 1565 2720 noster,
1583 2655 1628 2724 qui
1644 2656 1832 2710 contentiones
1847 2652 1932 2713 disei-

290 2740 377 2810 icpem
391 2738 498 2794 Domini
512 2743 690 2809 suscitatum,
710 2752 734 2798 ct
754 2743 885 2815 eloquiam
905 2748 990 2800 sancti
1004 2745 1090 2801 lsrael
1139 2745 1263 2816 polorum
1286 2761 1398 2801 satorum
1421 2747 1454 2801 de
1476 2747 1594 2815 primatu
1617 2747 1800 2816 compescuit,
1825 2746 1852 2801 lu
1876 2759 1932 2818 atto

291 2830 547 2899 blasphemaverant.
572 2830 639 2887 Ideo¹
659 2835 743 2888 iratus
766 2844 803 2890 est
828 2838 905 2906 [uror
927 2836 1035 2891 Domini
1061 2840 1089 2893 in
1140 2835 1305 2891 contendere
1330 2836 1448 2891 debeant
1468 2836 1609 2891 ostendit:
1635 2835 1803 2902 Conterttiitc,
1824 2837 1929 2907 inquil,

290 2918 440 2990 populum,
455 2927 479 2973 ct
495 2921 609 2976 extendit
623 2938 729 2976 munitm
743 2940 822 2995 super
835 2942 909 2991 ectm,
925 2936 949 2980 ct
963 2929 1090 2998 percussit
1139 2927 1240 2980 intrare
1260 2944 1306 2996 per
1326 2937 1466 2997 arrpustam
1483 2936 1587 2998 portam
1612 2926 1698 2997 (Luc.
1714 2942 1762 2981 xnr
1775 2927 1794 2997 l.
1809 2928 1931 2998 Attgusts

290 3023 376 3072 eum,·
391 3018 416 3062 ct
429 3009 579 3074 conturbati
600 3021 660 3065 sant
675 3023 792 3080 orontes,
807 3024 831 3069 et
847 3016 918 3085 sacta
935 3027 996 3071 surrt
1017 3034 1089 3072 rnor-
1139 3030 1204 3086 ergo
1225 3024 1304 3085 porta
1325 3025 1353 3071 et
1372 3025 1448 3071 arcta
1464 3016 1508 3069 uia
1520 3024 1562 3070 est
1576 3031 1635 3085 qnae
1651 3016 1724 3070 ducit
1739 3017 1772 3069 ad
1788 3016 1886 3077 uitam,
1903 3021 1932 3070 et

292 3099 378 3153 ticina
398 3115 490 3152 corum
509 3101 585 3171 qnasi
601 3111 715 3156 stercora
732 3104 760 3158 in
779 3105 865 3159 aredio
881 3106 1036 3174 platearum.
1055 3106 1089 3162 lo
1139 3105 1218 3177 pauci
1238 3113 1303 3159 snut
1316 3106 1362 3175 qul
1378 3105 1482 3159 intrant
1495 3121 1544 3174 per
1558 3121 1628 3160 earn.
1645 3105 1700 3161 llae
1715 3120 1780 3174 erpo
1795 3106 1930 3162 sententia

293 3191 417 3246 omnious
436 3192 476 3245 itis
494 3209 547 3246 nort
563 3204 599 3247 εει
617 3211 724 3249 auersus
743 3196 820 3265 saror
843 3197 916 3267 ejus,
935 3198 980 3251 sed
1004 3198 1089 3253 adltuc
1139 3196 1205 3265 quid
1227 3195 1301 3249 aliud
1315 3194 1395 3250 nobis
1410 3196 1548 3250 lusuruare
1563 3195 1620 3265 ipsa
1636 3195 1744 3249 Veritus
1759 3196 1859 3258 soluit,
1875 3194 1930 3249 lra-

293 3299 391 3336 manas
403 3283 461 3352 ejus
475 3293 581 3338 extensa
595 3284 682 3354 tlttd.
694 3284 714 3356 ).
730 3286 782 3340 Per
795 3286 966 3343 Salomonem
981 3304 1089 3359 quoque
1140 3294 1195 3339 tres
1209 3284 1362 3339 charissimi
1374 3325 1381 3351 ‚
1392 3299 1474 3355 quam
1494 3293 1525 3338 ut
1536 3300 1584 3354 ρει
1599 3293 1699 3338 rectam
1714 3285 1889 3339 inteutimtctn
1902 3291 1930 3340 et

296 3374 426 3430 similiter
439 3375 577 3444 Sapientia
598 3376 688 3431 diuina
709 3378 860 3433 detestatur
882 3380 1040 3434 ebrictatem
1062 3388 1091 3434 et
1140 3377 1259 3431 studium
1267 3376 1457 3431 bottumritam
1469 3374 1638 3429 solummodo
1651 3390 1792 3444 possemus
1800 3374 1929 3445 consequi

292 3464 423 3536 prohibet
448 3465 541 3521 diceus
554 3483 561 3520 ε
576 3465 631 3520 Fili
645 3468 700 3532 mi,
722 3468 775 3523 noli
790 3485 844 3523 esse
865 3470 893 3523 in
906 3470 1027 3523 cortuiriis
1040 3470 1121 3539 ρει]
1137 3468 1432 3537 scorpiternamilliles
1449 3469 1496 3539 qui
1515 3468 1634 3539 legitime
1657 3470 1820 3535 certauerit,
1845 3483 1926 3524 coro-

293 3566 429 3620 tatornm,
452 3573 498 3611 nee
520 3557 548 3610 in
576 3559 805 3613 comessationibus
840 3576 930 3613 corum
960 3562 1004 3631 ptri
1031 3576 1090 3614 car·
1140 3561 1249 3615 nubitur
1264 3559 1315 3632 (ll
1333 3560 1400 3614 Tim.
1415 3559 1539 3630 rt);qui
1554 3569 1644 3615 autem
1659 3561 1854 3630 aceeptolrono
1869 3574 1928 3615 cer·

295 3663 342 3701 nes
359 3647 395 3700 ad
416 3648 569 3701 vescendam
587 3648 725 3717 conserant
739 3664 748 3703 .·
761 3650 806 3720 qui
825 3659 946 3704 uocantes
965 3650 1088 3720 potibus,
1140 3652 1240 3706 tamine
1255 3659 1330 3705 retro
1344 3650 1521 3715 convertitur,
1537 3659 1614 3718 aptus
1631 3665 1684 3704 non
1699 3664 1758 3704 esse
1773 3663 1855 3719 regno
1868 3664 1926 3705 οω-

294 3748 322 3792 et
343 3737 438 3791 dantes
464 3736 582 3808 spatiola
604 3749 790 3793 consumentur
813 3738 913 3810 (Pron.
931 3738 1029 3810 narn).
1055 3740 1088 3795 Et
1140 3743 1227 3796 lorum
1252 3741 1429 3811 dignoscitur.
1451 3739 1575 3795 Studium
1598 3740 1720 3809 prolecto
1741 3741 1839 3794 bonum
1862 3748 1924 3805 est,

296 3827 377 3896 paulo
400 3835 479 3899 post,
501 3829 579 3900 attasi
603 3830 796 3899 obstupescens
821 3830 913 3884 talium
939 3830 1090 3885 damnatio-
1138 3834 1262 3901 maraque
1276 3832 1419 3897 uoluntas,
1436 3848 1484 3902 per
1498 3832 1686 3885 arandatorum
1707 3831 1754 3886 Dei
1774 3832 1925 3886 custodiam

296 3937 374 3985 nem,
391 3921 530 3993 subjungit
544 3941 551 3977 :
567 3921 635 3988 Cui,
651 3924 751 3994 inquit,
770 3926 831 3979 orei
848 3927 924 3996 cujus
940 3927 1011 3996 patri
1028 3928 1090 3982 aa!
1138 3930 1209 3984 velle
1220 3928 1367 3997 queurlilret
1380 3928 1520 3997 peruenire
1531 3927 1564 3980 ad
1578 3926 1705 3995 gandium
1716 3926 1928 3994 sempiternum,

296 4013 341 4066 etsi
359 4014 452 4067 risaei
472 4014 516 4090 cui
540 4013 644 4082 fenea?
665 4016 707 4070 cui
729 4018 785 4071 sine
807 4034 887 4072 causa
900 4018 1007 4073 uulnera
1020 4021 1033 4074 i
1045 4021 1088 4073 cui
1140 4031 1171 4077 ιιι
1184 4022 1314 4091 quidquid
1330 4028 1408 4091 agat,
1425 4020 1457 4073 ad
1472 4020 1499 4073 id
1513 4017 1613 4072 reserat
1627 4026 1657 4071 ut
1670 4015 1725 4071 lieo
1739 4016 1863 4084 placeat:
1880 4030 1930 4071 nec

298 4104 413 4173 suffusio
427 4103 588 4159 oculorum?
602 4104 697 4161 Nouae
710 4106 751 4161 ltis
767 4108 812 4179 qui
827 4120 964 4163 morantur
976 4110 1003 4163 irr
1018 4111 1087 4175 tino,
1138 4113 1188 4166 sliri
1214 4128 1262 4180 per
1284 4112 1335 4164 ltoc
1354 4110 1454 4176 aliquid
1477 4106 1662 4161 transitorium
1688 4120 1786 4160 auarus
1808 4112 1927 4175 appetat.

296 4205 323 4248 et
336 4196 441 4251 student
466 4194 591 4249 calicibus
612 4198 747 4267 epotandis
761 4199 773 4252 i
788 4198 830 4252 Ne
850 4198 977 4254 intuearis
999 4202 1088 4254 uinum
1140 4204 1215 4256 Tunc
1234 4202 1305 4256 euim
1325 4202 1424 4255 bouum
1444 4215 1512 4269 opus
1529 4200 1581 4253 rite
1600 4200 1699 4269 agittrr,
1720 4214 1781 4253 eunt
1801 4212 1834 4252 ει
1856 4207 1929 4253 recta

295 4286 543 4357 quondopatesctt,
560 4285 1087 4358 cumspleatiueritinoitrocolorep'us:
1138 4290 1311 4361 cogitationis
1339 4288 1489 4343 intentione
1515 4298 1670 4358 generatur.
1702 4288 1777 4344 Unde
1803 4289 1871 4342 hene
1898 4287 1926 4342 in

296 4374 446 4445 inpreditur
466 4373 576 4439 blande,
599 4375 643 4428 sed
659 4376 686 4429 in
706 4377 845 4431 nouissimo
860 4378 987 4432 mordebit
1001 4389 1029 4431 ut
1045 4394 1088 4432 ro-
1138 4380 1283 4450 Erangelio
1302 4379 1409 4435 Veritas
1424 4380 1487 4434 dicit
1503 4397 1509 4433 :
1525 4380 1644 4433 Lttcerna
1666 4382 1782 4450 corporis
1804 4392 1841 4435 εει
1866 4397 1929 4436 ocu·

298 4467 396 4522 isim:
412 4478 440 4543 ⁶¹,
453 4467 522 4521 sicttt
541 4467 644 4536 repulus
662 4485 758 4523 uenena
775 4470 903 4539 diffatrtdet
918 4470 927 4541 (
938 4467 1037 4540 loiri).
1058 4470 1087 4524 ln
1138 4476 1189 4531 ins,
1214 4474 1243 4531 Si
1267 4475 1359 4529 oculus
1386 4485 1446 4529 tuus
1471 4473 1581 4544 titaplcs
1603 4475 1703 4543 fuerit,
1727 4484 1809 4530 toturn
1832 4489 1928 4544 corpus

297 4557 369 4629 lege
388 4571 500 4627 quoquae
516 4557 645 4613 Dominus
660 4560 790 4629 precaepit
805 4562 896 4615 Aaron
914 4560 952 4616 ita
969 4561 1085 4617 dicens:
1138 4575 1212 4619 tuum
1235 4563 1351 4618 lucidam
1372 4566 1432 4619 erit.
1456 4563 1487 4618 st
1510 4573 1598 4618 autem
1621 4564 1712 4618 ocultus
1733 4575 1794 4618 tuas
1816 4582 1928 4634 traquam

304 4645 398 4700 Virtam
418 4654 443 4699 et
464 4662 540 4701 omne
558 4646 627 4717 quod
646 4647 776 4702 inebriare
795 4657 878 4719 potest
893 4666 944 4704 non
959 4649 1027 4704 biles
1042 4659 1086 4717 ιιι,
1138 4656 1234 4727 sacru,
1256 4664 1339 4710 totum
1360 4671 1454 4722 eorpus
1476 4665 1549 4708 tuum
1568 4655 1731 4708 tenebrosum
1746 4659 1794 4708 erit
1808 4657 1817 4724 l
1828 4655 1926 4709 llattlt.

297 4743 322 4789 et
342 4734 393 4803 filii
413 4736 471 4801 tui,
491 4735 598 4806 quando
617 4735 748 4790 intrabitis
764 4737 792 4790 in
804 4736 1002 4794 tabernaculum
1015 4741 1088 4794 testi·
1138 4763 1163 4800 vt
1176 4745 1196 4820 ).
1212 4746 1281 4814 Quid
1304 4746 1376 4800 enim
1399 4759 1448 4814 per
1468 4744 1574 4799 oculum
1595 4743 1764 4811 exprimitur,
1786 4744 1839 4798 nisi
1860 4759 1927 4813 opus

297 4829 400 4892 ιιιθιιιῖ,
419 4844 452 4882 ¹¹⁶
472 4828 621 4882 morfssmt'm'
636 4844 646 4882 ·'
659 4829 721 4899 ιιιὶιι
732 4839 890 4899 rimoldum
903 4839 939 4883 ιιι
954 4832 1086 4901 sempitcr-
1099 4824 1125 4884 D
1139 4855 1216 4895 sunm
1233 4839 1400 4908 preveniens
1420 4835 1510 4890 cordis
1529 4832 1664 4888 intentio?
1684 4833 1747 4901 quia
1767 4833 1925 4905 priusquam
1986 4855 1990 4864 ·

298 4936 362 4972 num
375 4920 403 4971 ia
418 4919 596 4988 peaerutiortes
609 4927 706 4973 uestras
718 4931 728 4970 .·
742 4929 765 4973 et
781 4927 808 4972 ut
820 4920 937 4975 doleatis
951 4921 1087 4974 scientiam
1140 4944 1171 4983 se
1185 4930 1212 4985 in
1229 4929 1336 4982 actione
1351 4933 1495 4988 exerceat,
1511 4925 1562 4978 hoc
1574 4922 1629 4989 jam
1650 4925 1721 4992 qaod
1741 4926 1840 4994 appetit
1863 4940 1924 4982 con·

296 5007 465 5061 discernendi
481 5008 550 5061 tuter
565 5017 686 5063 sunctum
704 5018 728 5063 cr
744 5010 896 5079 propanam,
921 5011 988 5065 turer
1001 5009 1087 5079 pottu·
1140 5018 1294 5088 ternplum.
1310 5016 1343 5069 m
1355 5014 1419 5084 quta
1434 5011 1611 5083 appellatione
1625 5013 1747 5081 corporis
1761 5014 1925 5083 designem,

297 5114 353 5157 cun
367 5112 391 5156 et
405 5101 554 5155 mnndum:
570 5103 736 5174 doceatisque
749 5102 820 5171 filios
837 5102 924 5157 lsrael
941 5104 1029 5156 omnia
1047 5103 1086 5155 te-
1138 5108 1190 5162 nisi
1204 5120 1370 5175 ntraqttaeque
1384 5104 1466 5168 actio,
1479 5118 1539 5171 qaae
1554 5103 1731 5157 intentionem
1744 5118 1835 5168 suam,
1847 5106 1925 5174 quasi

297 5196 391 5264 pitima
404 5209 462 5248 mea
476 5209 535 5264 que
549 5192 652 5248 locutus
665 5202 702 5246 εει
717 5193 846 5248 Dominus
861 5193 895 5247 εει
908 5209 951 5247 eos
966 5210 1013 5264 per
1030 5209 1087 5246 usa·
1138 5198 1286 5251 intuentem
1300 5194 1426 5258 oculum,
1441 5194 1573 5261 sequitur.
1591 5191 1709 5246 Lucerna
1722 5192 1814 5261 itaque
1832 5210 1925 5263 corpo-

298 5300 362 5338 num
381 5282 469 5354 llopsi
483 5282 494 5356 (
506 5282 568 5338 lea.
582 5300 599 5338 x
611 5282 632 5354 ).
652 5284 721 5339 Εεεε
740 5285 820 5340 morlo
836 5284 965 5349 audistis,
988 5282 1086 5338 fratres
1138 5288 1175 5341 ris
1196 5294 1234 5339 est
1254 5283 1361 5345 oculas,
1386 5283 1450 5352 quia
1470 5297 1521 5351 ρει
1539 5282 1616 5335 boare
1641 5279 1798 5334 intentionis
1821 5281 1925 5335 radium

298 5373 469 5438 elrarissimi,
486 5388 520 5429 ex
534 5374 677 5428 sententiis
690 5382 844 5429 sanctarum
866 5373 1087 5443 Scripturarum,
1138 5375 1234 5429 merita
1248 5373 1417 5426 illustrantur
1429 5357 1565 5426 actionis.¹
1577 5369 1612 5423 Et
1630 5370 1654 5423 si
1676 5369 1768 5424 oculus
1790 5378 1849 5423 taut
1864 5370 1927 5423 sinr-

298 5469 431 5531 ouantum
451 5462 584 5517 conditori
606 5470 701 5517 nostro
720 5463 861 5531 displiceat
879 5463 1041 5518 contessatio
1060 5470 1089 5517 et
1138 5465 1405 5537 interponentem
1424 5478 1518 5532 corpus
1539 5472 1610 5515 tuum
1633 5460 1751 5513 lucidum
1775 5460 1847 5512 erit.-
1863 5457 1926 5528 quia

299 5551 434 5617 εειίειεε,
453 5558 483 5607 ει
502 5552 609 5620 qualem
629 5551 828 5607 damnationem
843 5551 965 5609 cortierat
986 5552 1088 5622 hisaui
1141 5564 1169 5609 et
1193 5556 1216 5610 si
1242 5562 1314 5608 tecte
1338 5552 1503 5606 intendimus
1524 5565 1574 5619 per
1597 5549 1796 5619 sintptietutem
1820 5548 1922 5617 cogita·

299 5654 330 5697 ott
356 5644 515 5698 abutuntur.
540 5643 663 5711 Parcite,
685 5661 792 5716 quase,
816 5656 871 5701 tam
894 5662 993 5717 magno
1017 5648 1088 5703 malo
1142 5644 1349 5709 tionis,bonum
1364 5657 1432 5712 opus
1446 5640 1570 5705 efficitur,
1586 5640 1693 5695 etiantsi
1714 5639 1803 5693 minus
1824 5639 1922 5692 bortum

299 5730 458 5797 lmntorsri,
477 5732 539 5802 auia
559 5733 635 5790 robis
652 5747 813 5804 praesentent
835 5737 1041 5807 prosperitatem
1060 5744 1088 5792 et
1140 5748 1200 5787 csse
1225 5731 1359 5785 rideatur.
1385 5730 1418 5783 lt't
1443 5731 1465 5782 si
1492 5728 1582 5784 oculus
1609 5738 1670 5782 tuus
1695 5742 1806 5798 acquam
1829 5724 1925 5795 fucrit,
1949 5803 1952 5810 .

299 5823 383 5877 vitam
396 5820 504 5879 auferat
518 5824 718 5892 sempiternam.
742 5824 803 5879 Sint
816 5826 892 5880 robis
905 5826 1027 5881 conriria
1041 5841 1086 5880 so·
1140 5834 1222 5878 totum
1242 5839 1334 5890 corpus
1350 5832 1423 5874 tauto
1438 5821 1601 5875 tertelrosum
1615 5822 1663 5874 erit
1676 5838 1685 5877 :
1700 5820 1762 5889 qttia
1783 5832 1844 5872 eum
1865 5830 1927 5885 per·

300 5912 374 5975 lrria,
390 5913 447 5968 sint
461 5912 527 5983 justi
546 5914 596 5968 riri
611 5916 747 5979 consitae,
764 5923 790 5969 et
809 5916 835 5969 in
855 5917 949 5971 timore
963 5916 1011 5972 llei
1027 5915 1085 5986 glo·
1140 5930 1216 5970 tersa
1238 5914 1384 5968 intentione
1404 5913 1468 5983 quid
1489 5914 1530 5968 rel
1553 5921 1654 5969 tectum
1675 5913 1774 5979 agitur,
1790 5919 1817 5965 ct
1832 5910 1925 5979 splen·

299 6004 381 6060 tiatio
399 6014 500 6061 restra.
522 6003 551 6060 ln
569 6020 650 6061 sensa
668 6017 758 6061 vostro
777 6007 812 6061 sit
828 6008 961 6080 cogitatus
979 6007 1043 6073 oet,
1058 6018 1086 6062 ct
1140 6008 1203 6062 dere
1225 6022 1316 6061 eornm
1337 6006 1491 6061 lrontiuilrus
1511 6006 1642 6071 sentitur,
1664 6002 1733 6071 apud
1754 6015 1868 6057 examen
1888 6000 1928 6053 in·
