4500 6842
240 624 293 690 eol
707 629 884 692 coartent.
905 634 938 690 td
958 633 1185 694 uzectttstmt.
1205 668 1241 682 -
1259 638 1323 695 Llll.
1345 639 1414 699 litii.
1825 646 1878 702 862

240 754 368 809 tirrirorsa
385 752 480 809 domus
493 750 577 810 lsrael
593 761 667 820 ιιι»
681 755 787 811 ridetur
802 755 891 812 lacere
906 756 1069 826 quaestieA
1085 772 1135 813 nos
1162 759 1387 815 resurrectionem
1410 774 1526 830 negare,
1547 761 1594 815 scd
1617 759 1675 815 haec
1698 776 1751 816 non
1776 765 1877 833 scripta

239 861 316 910 nem,
335 859 369 901 eo
382 845 455 916 quod
473 860 526 901 non
548 846 582 902 de
606 846 723 917 generali
747 848 958 912 resurrectione,
986 848 1034 905 sed
1084 849 1119 904 de
1141 851 1338 906 resurrectione
1353 852 1536 916 contendere,
1557 859 1585 907 et
1609 868 1658 923 per
1672 855 1878 912 resurrectionis

239 936 352 1008 proprie
365 937 398 1008 de
412 938 609 1012 resurrectione
633 937 739 992 dicatur
755 939 848 992 donam
863 937 958 1002 lsrael,
974 948 1033 1007 qua:
1083 940 1238 1008 parabolam
1255 942 1288 998 de
1306 943 1476 999 restitutione
1495 943 1578 999 lsrael
1599 946 1763 1016 prophetari,
1782 947 1827 1016 qui
1845 963 1878 1005 en

237 1027 333 1083 dicat:
350 1044 361 1080 ι
377 1027 515 1082 hrnerunt
525 1042 586 1084 essa
599 1037 701 1093 nostra,
716 1039 744 1085 ct
758 1030 839 1099 periit
852 1044 913 1099 spes
928 1038 1031 1095 nostra,
1084 1039 1204 1102 tempore
1216 1033 1338 1102 captivus
1352 1042 1410 1088 erat
1437 1034 1463 1089 in
1479 1034 1625 1106 Babylone.
1643 1035 1699 1092 Nee
1718 1037 1809 1092 statim
1823 1039 1879 1099 be-

239 1126 270 1175 et
285 1118 384 1176 abscisi
398 1133 492 1175 sumus
510 1135 526 1174 a
542 1129 613 1177 terra
635 1129 736 1184 nostra,
755 1143 764 1175 r
783 1122 840 1177 sire
858 1122 968 1177 omnino
983 1122 1033 1176 de-
1084 1124 1178 1179 retieis
1188 1125 1358 1180 occasionem
1373 1125 1509 1189 dabimus,
1525 1128 1548 1181 si
1562 1127 1619 1182 haer
1634 1129 1668 1184 de
1680 1130 1879 1184 resurreetione

238 1210 419 1283 speravimus.
438 1210 541 1280 Quibus
563 1212 613 1268 ista
635 1213 786 1269 dioentibus
808 1214 887 1269 tertio
907 1213 1033 1268 Ezechiel
1083 1216 1220 1270 conrruuni
1247 1215 1357 1287 intelligi
1376 1216 1549 1287 denegemus.
1573 1217 1715 1288 Nunquam
1733 1229 1879 1287 poneretur

237 1303 404 1374 prophetare
432 1305 603 1373 compellitur
626 1314 655 1360 et
683 1306 772 1361 dicere
796 1305 902 1361 ossibus
924 1305 1031 1359 aridis:
1082 1303 1229 1361 similitude
1246 1307 1454 1361 resurrectionis
1465 1307 1499 1362 ad
1519 1308 1716 1364 restitutionem
1738 1308 1877 1364 israelitici

241 1412 252 1447 ι
268 1393 333 1451 liaec
349 1395 415 1451 dicit
430 1394 647 1453 Dominuslleus
662 1415 669 1451 :
686 1398 756 1453 Eece
778 1413 828 1469 ego
850 1399 968 1469 aperiam
991 1406 1033 1452 tu·
1082 1396 1173 1467 pupuli
1189 1396 1403 1468 significandam,
1425 1399 1476 1453 nisi
1497 1407 1581 1454 staret
1595 1400 1653 1470 ipsa
1667 1400 1832 1454 resurrectio
1850 1408 1878 1453 et

239 1484 330 1542 malos
342 1493 457 1542 vestros.
474 1506 485 1540 r
500 1485 530 1541 ln
544 1502 597 1555 quo
608 1489 748 1557 quaeritur,
765 1489 788 1544 si
799 1490 886 1559 aperit
901 1489 1032 1554 tumulos,
1083 1484 1172 1540 lutiam
1195 1486 1368 1541 crederetur:
1385 1489 1447 1558 qnia
1461 1502 1541 1544 nemo
1556 1490 1589 1544 de
1608 1491 1689 1544 rebus
1706 1490 1878 1544 exstantibus

238 1576 377 1648 quomth
396 1591 478 1647 supra
496 1577 613 1633 dixerit:
630 1596 639 1628 r
654 1577 738 1634 Erant
752 1586 842 1634 autern
855 1577 936 1633 inulta
955 1577 1033 1635 ualde
1083 1576 1185 1633 ineerta
1214 1576 1373 1644 eoulirmat;
1394 1589 1502 1650 totaque
1515 1591 1608 1637 nostra
1624 1580 1668 1636 ille
1683 1582 1768 1636 tendit
1788 1596 1877 1635 asser·

238 1676 324 1742 super
345 1668 443 1725 faeiem
464 1669 571 1740 canapi,
594 1670 720 1740 siccaque
741 1670 925 1725 uehementer.
943 1690 952 1722 r
973 1688 982 1720 ι
999 1668 1033 1726 Ει
1083 1666 1130 1731 tio,
1144 1667 1215 1736 quod
1227 1668 1361 1738 quomedo
1377 1670 1483 1725 ridetur
1497 1670 1663 1743 incredulum
1678 1671 1750 1742 quod
1769 1672 1876 1727 ossibus

237 1760 363 1825 erlucam
384 1748 487 1829 inquit,
509 1774 557 1815 ros
576 1760 609 1816 de
631 1759 762 1831 sepulcris
784 1760 898 1825 restris,
918 1759 1032 1830 populus
1082 1758 1165 1813 aridis
1177 1767 1204 1813 et
1219 1759 1302 1815 multa
1316 1768 1450 1817 vetustate
1462 1761 1594 1819 conlectis
1613 1762 1876 1840 inturaresurrectio

239 1865 328 1907 rimus.
344 1870 354 1904 r
371 1849 524 1907 somnium
544 1847 608 1906 illud
623 1851 693 1921 qnod
707 1852 837 1923 seriptum
849 1854 928 1909 estin
942 1853 1033 1908 Euan·
1082 1849 1265 1919 promittatur,
1275 1861 1303 1906 et
1316 1860 1405 1907 tamen
1417 1851 1537 1907 futurum
1551 1862 1593 1908 est
1602 1853 1674 1923 quod
1685 1853 1872 1925 promittitur:

238 1942 310 2014 pelio
320 1941 411 2014 (loen.
424 1942 452 2011 vl
466 1960 494 1997 :r
509 1944 588 1999 l'enit
602 1943 679 2009 hora,
689 1946 797 2014 quando
809 1945 889 2016 quiin
902 1946 1033 2017 sepulcris
1082 1941 1425 2015 siectresurreetiopopuli
1437 1945 1583 2017 lsrael,qui
1593 1946 1689 2003 duetus
1698 1947 1775 2003 estin
1788 1947 1875 2017 capti-

238 2042 315 2100 annt,
338 2035 446 2091 audient
468 2050 561 2092 rocem
582 2036 641 2092 Filii
657 2036 714 2102 Det,
731 2047 759 2093 et
776 2038 887 2093 exibunt
900 2039 946 2109 qut
962 2038 1031 2095 bona
1081 2032 1877 2109 ritatemetintetoorbcdispersns,videturquidernincre·

238 2134 355 2197 egerunt
366 2126 393 2181 in
406 2127 631 2183 resurrectionem
646 2130 715 2184 virm,
731 2150 739 2181 r
757 2130 792 2185 Ει
812 2130 933 2187 isarnum
952 2150 961 2183 ι
980 2132 1031 2199 Qui
1047 2105 1069 2165 Β
1083 2122 1173 2179 dibilis
1187 2125 1229 2180 his
1240 2126 1284 2197 qni
1299 2127 1346 2181 Dei
1362 2137 1416 2183 non
1432 2138 1531 2185 norunt
1542 2131 1708 2199 potentiam;
1723 2133 1770 2187 sed
1786 2140 1876 2188 tamen
1935 2160 1938 2172 ·

239 2216 490 2274 audierintrireat.
510 2218 567 2273 »Et
582 2219 605 2275 si
626 2228 656 2274 ut
674 2220 794 2275 nonnulli
813 2222 981 2278 arbitrantur
999 2224 1033 2279 de
1083 2214 1175 2270 stilum
1188 2226 1239 2280 ⁰8¹,
1256 2218 1320 2285 ‘iuli
1333 2233 1394 2289 ⁰8⁰,
1419 2220 1506 2289 inquit
1525 2220 1664 2287 limitibus,
1679 2221 1785 2277 ¹0⁰ul¹¹⁸
1804 2235 1875 2288 sum,

239 2308 360 2382 generali
377 2309 576 2365 resurrectione
595 2310 661 2365 dicit
675 2326 764 2366 semro
775 2311 892 2376 dininas,
904 2312 968 2381 qnid
983 2328 1032 2367 no·
1082 2305 1220 2362 etfaciam
1237 2308 1307 2364 sieut
1329 2309 1464 2378 pollicitus
1482 2326 1550 2366 snm.
1566 2312 1685 2381 lienique
1697 2321 1724 2366 et
1747 2311 1877 2367 anteriori

239 2397 624 2470 moeluttspechlheroloi:
643 2403 839 2461 ‹urinduenn
858 2420 907 2461 ros
930 2407 957 2461 in
977 2414 1032 2461 rer·
1082 2396 1239 2467 prophetia,
1274 2398 1301 2451 in
1330 2413 1384 2468 qna
1413 2399 1549 2455 montibus
1574 2400 1655 2455 lsrael
1680 2402 1807 2469 antiquus
1831 2416 1876 2456 re·

240 2507 300 2548 ram
314 2490 414 2548 israeli
434 2508 518 2550 rcum
531 2493 558 2550 in
572 2495 645 2550 omni
660 2495 725 2551 orbe
741 2504 873 2552 terrarum
891 2508 1033 2569 resurgere
1082 2487 1249 2556 promittitur
1272 2487 1368 2543 slatus.
1393 2479 1427 2543 Et
1451 2488 1516 2545 (licit
1541 2490 1576 2546 od
1591 2505 1638 2546 eos
1652 2490 1799 2546 Dominus:
1817 2510 1825 2542 ι
1843 2491 1877 2547 El

239 2582 357 2640 debeant
375 2584 485 2650 mortui,
498 2600 532 2640 ex
548 2584 590 2640 his
608 2584 675 2641 locis
693 2587 719 2641 in
737 2586 834 2656 quibus
846 2588 943 2658 sepulti
958 2596 1031 2643 saint,
1083 2586 1226 2662 convertar
1242 2579 1275 2633 ad
1288 2594 1347 2643 ves,
1361 2588 1387 2634 et
1398 2580 1551 2647 arabimini,
1564 2590 1591 2636 et
1605 2581 1744 2654 accipietis
1768 2597 1876 2637 sernen-

238 2670 430 2743 Eumqaeait:
450 2692 459 2725 ι
477 2674 601 2731 Ednxoro
619 2690 667 2730 vos
688 2675 722 2732 de
745 2678 854 2733 tumulis
876 2680 985 2744 vespis,
1006 2688 1034 2735 er
1083 2676 1148 2733 tem,
1175 2676 1202 2722 et
1222 2668 1394 2740 muliplicabo
1419 2670 1446 2725 in
1467 2672 1543 2726 robis
1563 2672 1695 2734 homines,
1715 2684 1877 2742 omnemque

237 2760 341 2817 dedero
362 2760 486 2831 spiritum
510 2776 599 2817 meum
624 2762 650 2817 in
671 2763 747 2819 robis
765 2772 793 2818 et
815 2764 946 2831 riter-itis,
970 2777 1033 2822 tunc
1082 2761 1192 2816 domum
1205 2757 1298 2814 lsrael.
1314 2779 1323 2811 r
1342 2760 1376 2814 Et
1392 2776 1500 2816 rursum
1515 2761 1585 2831 quod
1599 2761 1694 2817 domus
1707 2759 1790 2816 israel
1803 2760 1876 2816 habi·

238 2853 411 2924 requiescere
424 2868 473 2909 ros
486 2851 584 2909 inciam
605 2870 686 2925 snper
700 2856 812 2910 liuinum
825 2867 954 2924 vestram,
975 2878 984 2909 ι
1004 2867 1034 2913 ιιι
1083 2862 1144 2908 tura
1159 2852 1194 2906 sit
1210 2852 1237 2906 in
1254 2859 1471 2922 territoriaque
1491 2852 1628 2922 quondam
1649 2850 1761 2915 inculta,
1782 2859 1875 2921 postea

237 2951 384 3013 postquam
404 2944 594 3014 requieveritis
611 2946 638 2999 in
658 2953 730 3000 terra
743 2946 835 3012 lsrael,
854 2956 919 3003 tnnc
931 2964 1032 3020 cogno·
1082 2945 1173 3001 lutura
1187 2947 1222 3001 sit
1233 2946 1309 3015 quasi
1324 2945 1616 3017 hortusroluptatis,et
1626 2945 1750 3000 ciuitates
1762 2943 1875 3000 deserte

236 3036 324 3094 acatis
347 3036 420 3107 quod
442 3037 500 3107 ipsc
518 3036 570 3092 sina
594 3038 731 3103 Dominus,
751 3040 797 3109 qni
817 3040 949 3110 promissa
973 3055 1033 3096 mea
1083 3044 1110 3092 et
1130 3036 1264 3091 destitutae
1288 3035 1457 3100 muniantur,
1474 3043 1501 3090 et
1514 3034 1708 3106 multiplicetur
1726 3033 1753 3088 in
1770 3032 1810 3088 eis
1826 3034 1874 3088 do·

235 3138 322 3198 opere
336 3125 539 3196 compleverim.
560 3127 611 3195 Qui
630 3143 695 3200 ergo
716 3129 749 3184 de
769 3131 887 3201 generali
912 3147 1034 3190 resurre-
1083 3142 1144 3181 mus
1157 3126 1238 3181 lsrael
1255 3126 1325 3182 sicut
1337 3141 1402 3196 grex
1415 3126 1517 3191 orium,
1531 3132 1559 3180 et
1573 3133 1672 3180 cetera
1686 3137 1747 3193 qua:
1760 3138 1875 3193 scquun

236 3217 479 3275 ctionehaecdiua
492 3218 656 3289 intelligunt,
668 3219 814 3290 illudquod
827 3222 1034 3281 rideturlacere
1083 3224 1129 3270 lur
1150 3215 1183 3271 ad
1203 3216 1329 3271 eurhdem
1354 3231 1463 3272 sensum
1483 3216 1619 3286 pertinere
1636 3229 1644 3268 a
1660 3214 1706 3284 qui
1731 3229 1802 3268 nunc
1826 3212 1877 3267 sub

236 3309 436 3381 questionem:
452 3309 607 3368 tesserae
618 3312 744 3367 universa
757 3311 945 3370 dornuslsrael
956 3324 1031 3383 csta
1084 3308 1231 3379 ῑΐῡιὶθῑθιῑἌ
1250 3306 1418 3377 et'parabola
1438 3306 1538 3361 dicitur
1558 3305 1696 3360 31·ῑῦοΓῊῦ
1719 3303 1831 3368 ossium,
1849 3310 1877 3357 0²

237 3402 445 3460 adsauctorum
467 3403 695 3459 resurrectionem
718 3399 848 3470 referunt,
872 3406 905 3461 de
927 3423 981 3478 qna
1005 3416 1033 3464 et
1084 3399 1192 3469 penitus
1205 3398 1307 3453 nnllam
1330 3398 1471 3453 humorem
1490 3396 1551 3451 ritae
1566 3396 1746 3452 habentium:
1767 3392 1876 3464 impleto

237 3490 509 3564 rporutastoannes
529 3493 555 3547 in
573 3492 734 3565 Apocalypsi
751 3493 889 3564 loquitur:
909 3515 918 3548 ι
934 3498 1033 3553 Beatus
1084 3490 1131 3545 illo
1146 3490 1217 3560 quod
1238 3488 1264 3545 in
1283 3488 1429 3559 Eraugclio
1448 3487 1579 3558 scriptum
1602 3494 1644 3542 est
1664 3502 1671 3537 :
1690 3503 1699 3535 r
1717 3484 1782 3552 erae
1805 3482 1876 3553 apud

236 3592 388 3641 etsauctus
398 3582 444 3654 qui
459 3584 541 3639 hahet
554 3592 658 3654 partem
679 3585 706 3640 in
720 3586 919 3641 resurrectione
933 3588 1032 3658 prima,
1083 3584 1208 3639 homiues
1223 3581 1398 3652 impossibilia
1415 3582 1551 3645 ridentur,
1570 3578 1640 3648 apud
1658 3578 1742 3632 ileum
1757 3574 1873 3646 possibi·

236 3689 390 3747 supereum
400 3675 518 3731 secunda
528 3690 602 3731 mors
612 3690 665 3731 non
676 3676 927 3747 habetpotestatcm
938 3680 1031 3749 (Aper.
1082 3673 1118 3728 lia
1133 3681 1196 3729 sunt
1207 3671 1282 3744 (Luc.
1296 3672 1384 3743 ιιιιι).
1400 3692 1409 3724 r
1426 3669 1510 3739 Ejeeti
1523 3677 1586 3724 sunt
1598 3677 1688 3722 autem
1700 3667 1733 3722 de
1745 3664 1887 3736 sepulcris-

236 3767 298 3839 ιι),
317 3787 328 3820 r
341 3766 418 3837 qued
435 3766 558 3822 videlicet
570 3767 621 3821 alia
647 3777 814 3835 sanctorum,
832 3769 885 3824 alia
908 3780 1032 3840 peccato·
1083 3766 1151 3831 snis,
1163 3766 1195 3820 dc
1208 3763 1339 3834 sepulcris
1351 3761 1524 3833 captivitatis,
1540 3769 1567 3815 et
1582 3755 1696 3813 vinculis
1708 3757 1805 3827 quibus
1816 3768 1877 3810 scr-

236 3871 299 3916 rom
310 3857 346 3914 sit
354 3857 524 3913 resurreetio.
538 3856 614 3913 Unde
623 3868 651 3913 et
660 3858 687 3912 in
697 3858 939 3930 psalmordicitur:
954 3860 1033 3917 allon
1083 3858 1169 3912 vitute
1182 3854 1327 3925 Babylonia
1340 3854 1498 3909 tenebantur
1515 3850 1628 3906 astricti.
1644 3848 1697 3904 Sed
1713 3844 1873 3904 haecomnia

237 3954 387 4019 murgum
403 3946 478 4017 impii
493 3944 642 4014 injudicio,
657 3963 743 4019 neque
755 3958 912 4019 peccatores
930 3950 956 4005 in
968 3966 1034 4006 con·
1082 3945 1168 4004 ludaei
1181 3947 1223 4003 rel
1236 3949 1286 4003 sub
1300 3944 1459 4011 zorobabel,
1475 3953 1504 3999 ut
1521 3943 1596 4014 prins
1610 3942 1676 4008 diri,
1689 3940 1797 4012 expleta
1809 3956 1874 3995 eon-

236 4036 303 4095 cilia
316 4036 463 4105 iustorum.
483 4036 618 4093 »Terram
632 4046 722 4093 autem
739 4037 832 4105 lsrael,
848 4055 930 4110 quam
947 4056 1033 4096 resur·
1084 4040 1205 4106 orniam,
1228 4039 1335 4108 quando
1350 4038 1421 4093 lacta
1438 4044 1481 4093 est
1501 4049 1599 4107 magna
1612 4033 1771 4098 commotio,
1786 4040 1814 4087 ct
1831 4047 1877 4087 re-

237 4128 366 4202 gentibus
381 4128 511 4185 Dominus
526 4128 679 4199 pollicetur,
698 4129 772 4184 illam
793 4145 853 4186 esse
873 4131 1034 4186 confirmant
1083 4147 1165 4204 gnum
1179 4132 1365 4206 Chaldaeorum
1381 4130 1408 4185 in
1424 4129 1515 4185 bledos
1534 4127 1684 4199 Persasque
1702 4127 1874 4197 translatum,

237 4225 343 4295 thequa
361 4222 492 4291 scriptum
515 4230 558 4277 est
571 4238 577 4273 :
592 4238 601 4271 ι
619 4219 693 4275 Beati
714 4221 802 4286 mites,
830 4223 957 4292 qnoniam
983 4223 1033 4293 ipsi
1084 4223 1125 4279 vel
1137 4223 1163 4277 in
1175 4223 1319 4294 prasentia
1329 4220 1429 4276 Christi
1445 4219 1486 4275 sui
1502 4233 1582 4289 quem
1595 4224 1691 4288 putant
1704 4231 1764 4271 esse
1776 4224 1868 4272 rentu-
1895 4235 1898 4240 ·

238 4314 416 4388 praesidebunt
435 4322 536 4367 terram
558 4311 665 4384 (dietih.
687 4313 713 4384 r)
730 4330 738 4379 ;
756 4321 805 4368 et:
824 4333 833 4366 ι
850 4313 965 4370 Placebo
985 4314 1034 4369 llo·
1083 4328 1154 4369 rum.
1181 4313 1236 4368 Nos
1259 4320 1349 4367 autern
1372 4309 1530 4380 spiritaliter
1551 4316 1611 4381 post
1635 4321 1743 4363 crucem
1767 4306 1874 4363 bomini

239 4405 317 4462 mino
331 4404 359 4458 in
372 4403 479 4475 regione
491 4403 636 4457 virentium
648 4381 832 4474 (Prohinc).
849 4402 911 4459 llaec
923 4403 1034 4474 loquun·
1084 4405 1234 4463 salvatoris
1253 4404 1386 4475 eornpleta
1410 4417 1603 4468 memoramus,
1623 4409 1651 4457 et
1675 4400 1793 4472 quotidie
1814 4399 1873 4456 lieri

240 4495 358 4566 torqui
385 4495 420 4551 de
449 4493 590 4566 generali,
615 4503 645 4549 ut
670 4495 808 4561 diximus,
836 4496 1034 4551 resurreetione
1084 4495 1112 4552 in
1136 4497 1179 4552 his
1198 4494 1240 4552 rel
1266 4496 1382 4550 marimo
1403 4494 1449 4565 qni
1474 4494 1561 4551 instar
1581 4493 1676 4548 Lazari
1700 4500 1871 4564 peecatorum

239 4587 412 4646 Ezechielem
439 4586 580 4658 scripsisse
603 4595 757 4642 autumant.
777 4586 826 4655 Qui
845 4596 935 4643 autern
956 4588 1035 4644 aliter
1084 4606 1194 4647 suorum
1213 4589 1305 4645 lasciis
1323 4588 1441 4659 colligati
1460 4588 1493 4643 ad
1512 4601 1606 4644 rocem
1621 4585 1877 4641 bominisuscitan·

240 4682 455 4751 interpretantur
479 4680 530 4734 ista
555 4694 609 4734 non
636 4679 734 4735 dehent
756 4679 834 4735 nobis
853 4679 943 4735 lacere
963 4680 1033 4736 invi·
1085 4689 1141 4746 tur,
1156 4689 1185 4735 et
1203 4695 1269 4735 rere
1292 4688 1355 4734 sunt
1378 4679 1474 4733 domus
1491 4676 1584 4743 lsrael,
1603 4691 1682 4730 arens
1698 4674 1833 4745 quoirdam
1850 4684 1878 4730 et

240 4763 330 4835 diaar,
357 4770 429 4841 quod
452 4770 533 4824 istum
557 4768 645 4826 locum
661 4770 741 4825 aliter
759 4779 924 4840 exponentes
941 4787 1033 4827 resurb
1085 4773 1186 4828 nullam
1204 4787 1279 4844 spem
1295 4772 1398 4826 habens
1410 4769 1516 4834 salutis,
1533 4768 1580 4823 sed
1595 4766 1715 4820 intrante
1728 4764 1756 4817 in
1776 4778 1806 4819 se
1824 4763 1877 4833 spi-

240 4861 391 4918 t'eetiouem
412 4873 515 4930 negare
534 4859 684 4915 videamur.
715 4859 822 4917 Scimus
847 4863 921 4917 enim
949 4862 1033 4918 multo
1047 4822 1073 4882 D
1085 4864 1256 4935 ritugratiae,
1270 4871 1296 4918 et
1314 4861 1469 4932 porrigente
1484 4857 1598 4913 bortrino
1622 4870 1742 4918 manum,
1766 4854 1800 4908 de
1817 4867 1878 4923 pro·

240 4952 397 5009 mbustiora
412 4951 628 5017 testimonia,ct
649 4952 676 5006 in
695 4953 793 5021 quibus
812 4953 886 5008 nulla
907 4953 1034 5008 sitdubi·
1084 4955 1169 5011 fundo
1192 4953 1290 5010 inlerni
1318 4952 1489 5006 liberentur:
1511 4946 1604 5016 etqui
1633 4945 1709 5014 prins
1734 4943 1876 4999 dixerant:

241 5051 310 5107 tatio
323 5050 352 5105 in
367 5049 516 5119 Scripturis
534 5049 636 5105 sanetis
649 5050 771 5119 reperiri,
785 5057 815 5105 ut
826 5059 868 5106 est
886 5049 949 5105 illud
962 5049 1032 5105 lobi
1084 5046 1198 5102 herniae
1210 5044 1290 5109 Deus,
1307 5051 1335 5097 tn
1350 5040 1431 5105 nesti,
1447 5040 1505 5093 haec
1516 5046 1609 5109 postea
1624 5035 1734 5090 audiant
1748 5033 1876 5091 liberati:

244 5155 255 5196 ι
274 5132 432 5199 Suscitabis
452 5144 548 5214 pellem
575 5158 663 5199 meam
687 5142 758 5215 (doh.
780 5145 856 5211 ιιι),
874 5160 884 5196 ι
905 5158 964 5212 qnoe
981 5142 1033 5195 ista
1084 5140 1196 5195 llodicm
1208 5136 1280 5202 ssdei,
1295 5150 1379 5204 quare
1389 5131 1538 5190 dubitasti?

241 5237 378 5301 maen
404 5241 432 5290 et
456 5236 484 5289 in
503 5234 597 5290 Daniel
624 5249 631 5289 ι
655 5252 665 5286 ι
683 5233 758 5288 llulti
779 5234 826 5303 qni
849 5233 986 5289 dormiunt
1006 5232 1033 5286 in
1123 5250 1132 5280 ι
1152 5229 1185 5283 Ει
1197 5227 1284 5282 lactus
1295 5233 1336 5281 cst
1347 5239 1435 5280 sermo
1449 5221 1554 5277 Domini
1566 5222 1599 5278 ad
1611 5236 1654 5277 me
1665 5221 1758 5277 dicens
1770 5241 1776 5275 :
1789 5221 1823 5277 Et
1837 5230 1876 5288 tu,

243 5328 323 5386 lorrae
333 5328 459 5399 puluere,
481 5335 634 5398 resurgent,
649 5327 693 5381 isti
714 5328 741 5381 in
753 5326 835 5381 vitam
852 5334 993 5389 aeternam,
1008 5331 1036 5380 et
1089 5344 1098 5377 ι
1119 5323 1158 5379 lili
1172 5320 1298 5385 hominis
1311 5331 1386 5374 sume
1400 5316 1448 5371 tihi
1462 5316 1562 5387 lignum
1578 5330 1673 5381 unum,
1686 5323 1714 5371 el
1728 5314 1816 5369 scribe
1831 5329 1878 5368 su-

243 5419 288 5476 hu
309 5420 337 5475 in
359 5416 532 5487 opprobrium
545 5424 573 5472 et
592 5416 778 5472 confusionem
801 5422 930 5470 aeternam
952 5413 1033 5484 (Deo.
1090 5433 1100 5467 r
1122 5429 1171 5484 per
1185 5406 1341 5472 illudludae,
1351 5414 1379 5461 et
1389 5404 1505 5461 filiorum
1518 5403 1601 5460 lsrael
1614 5405 1749 5460 sociomm
1762 5402 1836 5474 ejus3
1851 5411 1878 5457 et

244 5510 305 5587 ιιι).
323 5530 334 5564 r
350 5510 385 5566 Et
399 5510 427 5565 in
439 5508 600 5581 Evangelio:
617 5526 626 5558 r
645 5506 732 5563 Nolite
748 5506 843 5561 timere
856 5520 904 5560 ces
918 5504 964 5575 qui
976 5518 1038 5559 cor·
1090 5524 1100 5558 r
1124 5503 1188 5560 tolle
1200 5501 1302 5571 lignum
1321 5497 1449 5562 alterum,
1464 5503 1491 5552 et
1505 5496 1595 5552 scribe
1609 5511 1689 5567 super
1703 5493 1766 5550 illnd
1779 5494 1876 5563 loseph

243 5617 295 5675 pus
307 5600 485 5666 iuterlleiunt,
502 5608 531 5656 et
549 5600 667 5655 animam
687 5613 740 5653 non
764 5603 877 5667 possunt
897 5596 1035 5651 occidere:
1090 5614 1100 5649 r
1121 5594 1222 5665 lignum
1246 5589 1383 5661 Ephraim,
1397 5598 1424 5643 et
1448 5595 1552 5643 cunetae
1577 5588 1667 5644 dourui
1687 5585 1769 5641 israel
1792 5584 1879 5640 socio-

246 5698 340 5755 llmete
364 5703 531 5750 autemeam
553 5693 640 5763 magis
655 5691 700 5762 qni
716 5698 804 5761 potest
826 5697 854 5743 et
876 5688 993 5743 animam
1010 5695 1038 5742 et
1091 5702 1101 5736 r
1124 5696 1237 5751 rmnqne
1247 5679 1315 5750 ejus.
1329 5677 1363 5732 Et
1377 5676 1492 5748 adirmge
1502 5676 1547 5732 illa
1560 5693 1643 5732 unrrm
1658 5676 1690 5730 ad
1703 5675 1815 5729 alterum
1830 5672 1878 5728 tibi

244 5801 345 5856 eorpus
354 5783 467 5856 perdere
478 5782 503 5837 in
514 5782 665 5852 gehennam
677 5780 751 5854 (Lac.
765 5780 825 5852 arr).
836 5778 869 5833 Et
879 5779 907 5833 in
917 5777 1037 5848 apostolo
1092 5792 1101 5825 ι
1123 5774 1150 5828 in
1164 5771 1267 5842 lignum
1277 5783 1372 5833 unum,
1382 5775 1410 5822 et
1421 5777 1501 5822 erant
1511 5767 1537 5821 in
1551 5767 1676 5821 unionem
1689 5765 1716 5819 in
1728 5778 1810 5818 rnanu
1821 5771 1879 5817 hta.

246 5873 349 5934 Patrio:
366 5893 377 5927 r
393 5874 443 5944 Qui
458 5874 606 5930 riviheabit
624 5881 652 5927 et
674 5870 798 5927 rnortnlia
813 5880 903 5925 restra
925 5884 1038 5938 corpora
1093 5882 1102 5915 ι
1123 5862 1287 5919 Cumautem
1298 5858 1415 5913 dixerint
1426 5858 1459 5912 ad
1472 5869 1497 5912 te
1510 5856 1556 5911 lilii
1570 5855 1659 5926 populi
1671 5855 1708 5908 tui
1719 5853 1878 5949 loquentes:

243 5979 358 6043 propter
373 5967 567 6023 inhahitantem
587 5964 711 6035 spiritum
732 5960 791 6030 ejus
813 5962 840 6016 in
861 5961 938 6017 robis
949 5960 1037 6033 (iloni.
1094 5972 1103 6005 ι
1126 5951 1219 6006 Nonne
1231 5948 1336 6003 indicas
1349 5945 1500 6017 nobisquid
1514 5945 1540 5999 in
1551 5945 1593 5998 his
1606 5942 1652 5998 tibi
1668 5939 1882 6011 relisiloquerrs

250 6056 320 6133 rra),
338 6058 495 6126 :etmulta
515 6056 583 6124 aliar
605 6071 637 6112 ea
656 6071 711 6125 equo
731 6052 904 6126 perspicuum
921 6060 972 6121 est,
985 6067 1039 6106 rron
1094 6065 1105 6101 ι
1128 6045 1161 6103 nd
1173 6058 1220 6101 eos
1234 6041 1315 6100 :lice
1326 6040 1394 6123 dicit
1406 6039 1536 6098 Dondms
1551 6036 1635 6106 Deus,
1651 6034 1721 6091 Ecce
1735 6048 1787 6106 ege
1797 6046 1878 6131 ιιιιιι
