4500 6842
313 628 363 687 est

787 631 962 691 cettheus.
982 636 1015 691 ta
1035 636 1261 694 ezuctttehed.
1280 669 1314 679 —
1334 622 1398 695 UD.
1417 639 1460 696 Π.

1892 646 1944 704 589

314 752 407 796 autem
427 740 566 811 egreditur
586 741 612 794 ia
631 754 766 809 eampum,
779 741 808 795 lit
822 743 931 812 quidem
951 760 1033 814 super
1044 762 1106 802 eam
1120 754 1144 812 Α
1159 762 1242 803 ιιιιοι.
1257 767 1267 801 ι
1283 749 1349 804 Cum
1361 766 1410 807 ans
1424 753 1563 807 humiliter
1577 750 1631 806 Deo
1642 754 1799 820 sternimus,
1811 770 1871 811 eam
1884 773 1945 814 csse

315 847 411 887 atauus
422 829 539 896 Domini,
553 832 615 901 quia
627 832 727 901 absque
739 833 810 886 illios
821 833 955 901 atljutorin
966 838 1040 892 exire
1052 853 1105 892 non

313 928 431 991 poterat,
443 921 554 975 sednon
568 922 674 975 additur
687 940 696 972 ι
711 919 814 976 sortis.»
827 922 867 977 hd
878 924 1019 979 ridendam
1032 928 1104 982 enirn

313 1009 428 1081 gloriam
441 1009 505 1074 Dei,
529 1026 581 1064 non
603 1009 637 1064 ad
655 1011 986 1081 pugnandumegreditur.
1001 1014 1034 1068 Et
1054 1017 1106 1070 hoe

312 1100 600 1167 animadvertendum,
614 1100 684 1170 quod
697 1100 724 1155 ιιι
735 1103 823 1156 medio
833 1104 998 1172 captivorum
1010 1107 1106 1161 sedeu-

313 1191 381 1244 tium
389 1191 550 1260 ipsesedens
562 1192 691 1260 propheta
700 1189 811 1260 gloriam
820 1191 923 1245 Domini
936 1207 988 1245 uon
997 1192 1102 1248 uiderit.

350 1300 360 1334 ι
375 1282 524 1338 Etsurrexi
543 1291 570 1336 ct
584 1295 709 1351 egressus
731 1296 789 1336 auru
811 1281 836 1334 ia
851 1297 985 1349 carrrpmu,
1001 1292 1028 1336 et
1040 1298 1104 1339 eece

313 1390 323 1422 ι
342 1371 380 1426 ibi
392 1370 478 1443 gloria
491 1371 596 1426 Domini
621 1371 720 1436 stultat,
739 1370 814 1440 quasi
828 1371 928 1439 gloria,
943 1388 1026 1440 quam
1049 1373 1102 1428 ridi

312 1463 415 1533 «juxta
436 1459 546 1517 Durium
558 1462 676 1525 Choltar,
697 1469 750 1516 ete.
766 1480 775 1513 ι
790 1460 906 1515 Julrente
928 1461 1041 1517 Doutiao
1062 1463 1103 1517 iu·

308 1553 443 1623 greditur,
454 1560 482 1606 et
488 1550 599 1620 jubente
615 1552 764 1620 egreditur,
777 1550 901 1619 seditque
920 1566 980 1605 eum
1005 1553 1102 1608 seden-

310 1646 399 1709 tibus,
417 1644 480 1714 quia
495 1652 610 1698 stantem
627 1642 701 1696 illum
722 1658 851 1697 uumerus
872 1644 1038 1711 captiuorum
1054 1660 1102 1698 au·

308 1737 367 1794 dire
387 1752 440 1791 riou
457 1743 571 1805 peterat.
586 1735 769 1805 Egressusque
782 1733 808 1786 in
820 1733 908 1801 campi
920 1731 1098 1800 latitudinem,

307 1827 383 1882 ridet
398 1833 516 1880 sertitem
537 1823 648 1895 gloriam
672 1823 789 1886 Domini,
810 1839 890 1893 quam
908 1823 983 1891 prius
995 1823 1100 1878 riderut

306 1917 492 1973 atrrbulantem
513 1924 541 1970 ιι
553 1915 703 1971 elevantem
723 1929 752 1969 se
769 1922 796 1966 et
810 1913 945 1969 interdum
963 1923 1097 1981 ιιιιιιιιιι;

306 2008 371 2077 quia
383 2007 461 2076 jtaxta
480 2004 588 2059 duriora
610 2003 698 2060 saeetdi
714 2002 929 2073 hujusChobar,
949 2003 995 2072 qui
1017 2003 1098 2059 inter·

1158 852 1207 892 aes
1220 837 1339 893 cinerem
1361 841 1553 910 pulveremque
1565 845 1767 912 cognoscimus,
1792 847 1944 899 ciereinde·
1994 874 2000 886 ·

1157 927 1277 982 mitatem
1291 929 1405 998 pmpriae
1415 931 1577 985 conditionis
1592 943 1746 1000 pensantes,
1763 942 1861 987 statum
1878 934 1943 1004 rigi·

1155 1016 1248 1071 ditatis
1261 1023 1289 1072 et
1301 1019 1433 1086 superbiae
1457 1035 1509 1073 non
1525 1020 1666 1085 lrabenms,
1689 1023 1858 1091 omnipotens
1873 1023 1944 1076 Deus

1155 1120 1203 1176 per
1215 1122 1292 1162 suum
1308 1122 1357 1162 nos
1371 1108 1495 1177 spiritum
1511 1110 1591 1173 ierat,
1604 1122 1632 1165 et
1653 1127 1733 1180 snper
1747 1114 1828 1180 pedes
1839 1123 1943 1166 nostros

1155 1195 1261 1260 statuit,
1287 1195 1375 1264 utqui
1399 1196 1536 1250 humiliter
1561 1201 1630 1267 apud
1651 1215 1700 1254 ritis
1721 1217 1753 1252 ea·
1779 1201 1942 1255 infirmitatis

1154 1290 1253 1338 nostre
1276 1284 1430 1354 cognitione
1453 1282 1599 1352 jacuimus,
1619 1297 1645 1342 et
1665 1290 1798 1357 jacemus,
1819 1291 1846 1344 iu
1871 1291 1941 1346 horn

1153 1384 1214 1443 post
1226 1388 1307 1443 opere
1320 1375 1399 1445 quasi
1411 1391 1493 1446 super
1506 1377 1587 1447 pedes
1601 1393 1634 1432 ex
1650 1380 1813 1435 rectitudine
1827 1391 1938 1436 stouras.

1153 1463 1229 1530 Quod
1242 1480 1291 1518 cur
1304 1464 1331 1520 in
1348 1480 1443 1535 cunpo
1461 1467 1493 1521 tle
1509 1468 1640 1536 propheta
1655 1470 1754 1539 agitur,
1769 1472 1818 1524 uisi
1837 1481 1866 1525 ut
1879 1488 1940 1541 spn-

1153 1554 1258 1610 cialiter
1272 1556 1429 1626 designetur
1453 1559 1516 1627 quia
1535 1559 1615 1614 ctiam
1639 1561 1731 1615 electis
1745 1565 1863 1632 gentium
1880 1567 1941 1639 Spi-

1152 1645 1221 1700 ritus
1233 1653 1343 1702 sanctus
1356 1647 1460 1703 dandus
1469 1658 1552 1715 esset,
1561 1651 1623 1719 quia
1640 1666 1766 1721 eosquos
1779 1670 1938 1723 assrnnerer,

1151 1744 1179 1790 et
1193 1737 1296 1805 prinsa
1320 1738 1453 1808 superbiae
1476 1754 1531 1794 suae
1552 1749 1622 1795 stata
1649 1742 1794 1812 dejiceret,
1810 1755 1834 1799 et
1865 1762 1939 1816 post·
1970 1800 1976 1815 ,

1151 1826 1259 1881 modum
1281 1841 1361 1896 super
1377 1828 1460 1898 pedes
1475 1845 1546 1892 siros,
1563 1831 1588 1884 id
1604 1840 1654 1894 est,
1672 1848 1752 1903 super
1769 1834 1837 1888 hona
1857 1854 1938 1908 opera

1150 1914 1289 1979 solidaret,
1321 1914 1393 1968 sieut
1420 1930 1468 1985 per
1498 1915 1610 1972 Paulum
1636 1920 1735 1973 dieitur
1761 1935 1769 1973 ι
1801 1920 1939 1981 liernissas

1151 2020 1246 2060 manus
1279 2012 1307 2059 ιι
1340 2006 1471 2061 dissoluta
1507 2022 1593 2077 genua
1630 2010 1743 2078 erigite,
1768 2023 1796 2066 et
1830 2030 1938 2084 gressus

305 2110 433 2172 pretatur
446 2099 640 2171 gravissimus,
664 2097 748 2168 gloria
772 2097 943 2161 cernebatur,
967 2097 1039 2166 qnod
1063 2099 1099 2152 si·
1113 2093 1136 2151 D
1150 2105 1238 2151 rectos
1264 2095 1346 2152 lacite
1368 2095 1481 2166 pedihus
1503 2098 1617 2152 vestris?
1638 2097 1787 2167 Sequitur:
1811 2120 1820 2153 ι
1842 2104 1874 2156 Ει
1900 2105 1939 2156 in·

305 2192 417 2263 gnillcat
427 2205 534 2247 omnem
544 2191 636 2244 rnuadi
650 2189 728 2255 hujus
739 2189 851 2259 gloriam
868 2189 1061 2258 praeterfluere,
1072 2199 1100 2243 et

304 2295 420 2355 gradum
439 2283 562 2339 stabilem
576 2297 629 2335 non
645 2282 755 2335 habere.
776 2278 867 2335 Gloria
883 2288 973 2333 autem
992 2279 1098 2333 Domini

303 2380 383 2427 stans
394 2380 423 2427 et
434 2385 611 2443 perseuerans
621 2386 682 2425 eum
694 2378 784 2425 stante
803 2369 935 2438 propheta
950 2367 1056 2423 ridetur
1070 2369 1098 2421 ia

303 2476 411 2531 campo,
422 2475 482 2530 quae
495 2462 522 2516 iu
535 2460 622 2514 medio
633 2458 804 2527 captivorum
825 2472 875 2512 nec
897 2464 971 2511 stare
990 2464 1098 2526 poterat

303 2565 356 2606 uec
371 2549 468 2604 rideri.

343 2639 406 2692 ιΕι
429 2637 515 2693 cecidi
530 2637 556 2691 in
576 2636 672 2693 laeiem
688 2653 792 2717 meam,
816 2645 843 2693 et
864 2636 1003 2708 ingressus
1016 2637 1096 2692 estin

306 2747 317 2781 ι
334 2745 379 2785 me
391 2730 511 2801 spiritus,
519 2737 546 2785 et
556 2730 648 2784 statuit
662 2745 704 2785 me
715 2729 886 2800 superpedes
894 2743 978 2794 meos,
990 2729 1097 2785 etiocu-

306 2840 317 2871 ι
337 2832 381 2875 tus
394 2820 520 2884 estrnihi,
532 2829 560 2875 et
569 2820 636 2874 riixit
648 2819 752 2874 adme:
764 2818 908 2887 ingredere
916 2828 943 2873 ιι
958 2818 1096 2874 includere

307 2931 316 2964 r
338 2913 365 2967 iu
384 2912 473 2967 medio
489 2913 585 2967 domus
603 2920 664 2966 tuae.
681 2930 690 2962 ι
708 2910 830 2966 Stantem
852 2911 966 2982 gloriam
990 2912 1094 2966 Domini

305 3018 360 3057 uon
372 3002 519 3070 sustinens,
531 3002 628 3057 cecidit
648 2999 786 3056 infaciem
803 3016 890 3067 suam,
910 3010 940 3055 ut
955 3002 989 3057 ab
1009 3003 1094 3071 ingre·

304 3094 397 3148 tiieatc
415 3095 442 3148 in
460 3109 520 3148 eum
533 3093 629 3164 spiritu
644 3093 780 3157 levaretur
792 3109 799 3158 ;
816 3093 862 3162 qul
874 3092 986 3163 spiritus
999 3094 1094 3147 statuit

303 3198 365 3237 earn
377 3197 460 3252 super
469 3182 551 3252 perles
561 3198 635 3248 sues,
650 3191 676 3237 ιι
689 3183 795 3236 loeutus
808 3190 850 3236 est
859 3182 884 3235 ei
899 3181 991 3236 dicens
1004 3200 1010 3234 :
1022 3181 1094 3236 intra

303 3286 332 3331 ιι
343 3274 480 3330 includere
494 3275 520 3330 in
531 3274 618 3330 medio
629 3274 725 3328 domus
738 3283 805 3338 ture,
818 3282 845 3327 et
857 3283 898 3328 est
910 3287 1016 3338 sensus,
1032 3275 1095 3342 quia

303 3362 495 3419 corroboratus
507 3377 537 3418 es
556 3370 666 3432 aspectu
685 3361 830 3418 Dominiese
850 3358 1015 3429 majestatis,
1035 3362 1094 3415 nul-

1148 2196 1227 2242 eutus
1250 2198 1293 2243 est
1317 2188 1401 2254 mibi,
1429 2195 1457 2244 et
1479 2188 1548 2243 dixit
1572 2190 1605 2242 ad
1637 2206 1679 2245 me
1705 2209 1712 2243 ε
1737 2191 1879 2262 ingredere
1911 2205 1939 2249 et

1149 2276 1286 2333 includere
1301 2276 1328 2330 in
1353 2278 1441 2333 medio
1463 2278 1558 2332 domus
1583 2287 1645 2332 ture.
1663 2296 1673 2330 ι
1692 2279 1760 2344 Quid
1783 2291 1845 2346 est,
1866 2285 1936 2352 qaod

1149 2367 1176 2421 in
1201 2369 1290 2424 aredio
1315 2367 1455 2422 israelitici
1482 2368 1571 2438 populi
1595 2368 1725 2436 propheta
1751 2370 1783 2424 ad
1813 2386 1937 2439 campum

1148 2458 1280 2521 educitur,
1298 2466 1379 2528 atque
1399 2457 1432 2511 ad
1451 2458 1557 2512 deinum
1578 2467 1671 2527 postea
1692 2460 1726 2513 de
1746 2475 1845 2529 campo
1862 2477 1938 2516 reru-

1148 2554 1243 2614 eatur,
1257 2547 1310 2602 nisi
1324 2548 1396 2617 quod
1409 2547 1608 2616 praedicationis
1617 2548 1703 2616 gratia
1713 2546 1827 2603 lrulaieo
1839 2552 1940 2620 poprdo

1148 2636 1237 2691 ablata
1249 2637 1276 2691 in
1287 2636 1457 2691 latitudinem
1472 2636 1631 2705 gentilitatis
1649 2651 1743 2705 sparsa
1758 2640 1816 2691 estl
1830 2638 1882 2691 Sed
1895 2647 1938 2691 ta·
1998 2678 2008 2695 .

1149 2742 1210 2781 mon
1227 2726 1253 2780 in
1274 2724 1431 2781 liaemundi
1456 2725 1520 2779 dum
1543 2723 1628 2778 iudei
1652 2725 1686 2778 ad
1711 2726 1790 2779 iidem
1813 2727 1936 2790 redeunt,

1148 2817 1227 2888 quasi
1241 2818 1275 2873 ad
1297 2819 1405 2873 rloruunr
1419 2818 1548 2887 propbeta
1572 2817 1724 2883 reducetur,
1736 2827 1766 2872 ιιι
1786 2818 1813 2871 ιιι
1827 2833 1875 2871 sao
1889 2833 1937 2887 po·

1147 2908 1210 2978 pulo
1223 2923 1317 2963 rursus
1330 2907 1485 2979 predicatio
1500 2907 1639 2969 inhabitet,
1655 2923 1716 2975 quae
1732 2908 1813 2962 modo
1826 2906 1898 2962 reiut
1907 2907 1937 2964 itt

1148 3013 1244 3070 europe
1260 3000 1297 3055 ita
1321 3000 1349 3053 in
1380 2999 1493 3054 dirersis
1512 2999 1637 3068 gentibus
1659 2998 1742 3069 iulget
1766 3016 1773 3053 ι
1800 2999 1937 3068 Scriptum

1147 3091 1247 3161 quippe
1269 3099 1310 3146 ιιι
1326 3107 1333 3145 ι
1351 3110 1360 3143 ι
1379 3092 1470 3147 Donec
1491 3089 1629 3158 plenitudo
1646 3090 1767 3160 gentium
1790 3090 1937 3154 introiret,

1148 3190 1212 3239 tunc
1225 3183 1314 3237 omnis
1330 3180 1413 3236 lsrael
1425 3181 1515 3235 salvus
1530 3180 1605 3236 lieret
1629 3179 1718 3253 (Rern.
1733 3181 1782 3253 xl).
1802 3203 1812 3234 ι
1828 3183 1895 3249 Quia
1910 3193 1938 3239 et

1147 3290 1196 3346 per
1218 3274 1377 3345 prophetam
1397 3272 1512 3328 aiterum
1538 3273 1637 3327 dieitur
1653 3291 1659 3328 :
1674 3291 1683 3324 ι
1701 3272 1730 3328 Si
1746 3273 1825 3329 luerit
1844 3290 1938 3329 uume-

1149 3380 1195 3420 rus
1207 3364 1322 3419 filiomm
1336 3363 1509 3433 israelquasi
1522 3378 1605 3418 arena
1616 3364 1710 3430 maris,
1722 3365 1841 3434 reliquiae
1857 3366 1938 3420 saluae

304 3454 359 3509 lum
374 3456 480 3519 timeas,
493 3468 541 3508 nec
557 3452 674 3523 aliquem
687 3452 886 3523 pertremiscas,
899 3453 946 3506 sed
960 3432 1131 3509 revertereC
1147 3456 1212 3512 hunt
1232 3455 1310 3529 (lsai.
1333 3455 1372 3525 ι).
1392 3474 1402 3507 ι
1416 3455 1501 3510 Exeat
1512 3470 1576 3526 erge
1591 3456 1721 3525 propheta
1735 3456 1768 3510 de
1788 3456 1877 3510 medio
1889 3471 1938 3526 po·

304 3545 331 3600 iu
349 3545 459 3598 domurn
482 3553 570 3608 tuam,
592 3544 633 3598 rel
655 3543 689 3597 ad
705 3543 881 3597 necessitates
905 3543 1041 3611 corporis,
1066 3550 1095 3597 ut
1145 3545 1201 3615 puli
1224 3545 1258 3599 ad
1282 3559 1418 3614 campum,
1432 3546 1465 3600 de
1478 3560 1573 3613 campo
1597 3546 1688 3598 redeat
1712 3543 1746 3598 ad
1769 3545 1890 3610 doraum,
1907 3554 1939 3602 ut

304 3637 415 3707 quidam
433 3642 543 3705 putant,
559 3634 601 3689 rel
617 3634 643 3688 in
659 3634 764 3705 signum
783 3632 881 3688 loturae
894 3633 1052 3689 obsidionis.
1063 3634 1096 3688 et
1146 3642 1174 3690 et
1192 3634 1359 3704 praedicatio,
1372 3650 1432 3704 quae
1444 3632 1544 3688 iudaeae
1564 3632 1635 3688 laeta
1659 3643 1711 3698 cst,
1726 3636 1881 3704 egrediatur
1904 3636 1933 3690 ιιι

303 3728 440 3800 quemodo
459 3725 542 3780 lsaias
564 3724 744 3781 discalceatus
760 3732 788 3780 et
808 3726 896 3780 nudus
914 3725 995 3780 trium
1012 3741 1095 3781 aauo-
1145 3735 1249 3797 gentes,
1260 3733 1287 3780 et
1306 3724 1416 3794 repletis
1432 3724 1483 3780 ilde
1497 3725 1633 3795 gentihus,
1649 3725 1762 3794 recipiat
1773 3726 1864 3781 iudaea
1881 3729 1936 3797 spi-

305 3834 364 3872 rum
378 3817 560 3887 captiuitatem
573 3814 762 3870 clauditatem
782 3816 873 3885 populi
897 3815 1041 3882 nuntiarit,
1057 3816 1094 3870 ita
1146 3819 1234 3874 ritulis
1256 3818 1387 3874 doetrinae
1410 3818 1497 3883 dona,
1522 3832 1582 3887 quae
1605 3817 1705 3873 amisit.
1724 3816 1825 3872 includi
1846 3828 1934 3873 autem

304 3918 332 3963 et
345 3917 371 3962 tu
383 3907 490 3963 clausus
507 3906 596 3971 derue,
609 3919 690 3975 opere
709 3904 768 3976 ipso
779 3906 911 3976 propheta
925 3905 1039 3961 ricinum
1047 3905 1096 3961 ob·
1145 3908 1276 3978 propbeta
1289 3907 1317 3961 in
1341 3907 1428 3962 medio
1440 3907 1535 3962 domus
1550 3922 1607 3960 suae
1625 3906 1789 3975 praecipitur,
1805 3906 1866 3974 quia
1880 3906 1937 3959 An·

305 3998 439 4054 sidionem
450 3995 525 4051 urhis
537 3993 808 4068 Jerusalemqtirea)
819 3994 888 4061 Quid
899 3998 1012 4063 esthoc,
1024 3998 1095 4066 quod
1146 3997 1263 4054 tiehristi
1279 4006 1398 4068 tempore
1420 3997 1508 4052 abeis
1533 3996 1677 4068 gentibus,
1697 4012 1757 4066 qaae
1772 3997 1799 4050 in
1821 3994 1936 4051 iulldeli-

305 4091 381 4161 prius
404 4089 533 4145 Dominus
558 4089 585 4144 in
610 4088 698 4145 medio
720 4088 904 4144 israelitarum
928 4090 1035 4146 locutus
1061 4090 1096 4145 ad
1147 4098 1203 4146 tate
1229 4090 1422 4153 remanserint,
1436 4087 1511 4158 plebs
1535 4102 1665 4142 conuersa
1683 4086 1836 4143 iudeorum
1860 4086 1936 4142 duris

305 4185 465 4255 prophetam
479 4199 556 4238 suum
569 4182 708 4250 iuerat,et
719 4192 809 4240 tamen
820 4186 991 4255 postmodum
1008 4185 1093 4241 dicit:
1146 4179 1378 4251 persecutionibus
1405 4186 1575 4245 arreustatur.
1602 4177 1680 4235 Unde
1706 4177 1836 4248 scriptum
1866 4187 1935 4232 est:
2024 4242 2028 4249 Ι

309 4294 318 4327 r
336 4275 472 4345 Egredere
487 4275 514 4329 iu
538 4288 672 4345 campum,
688 4282 716 4328 ιι
730 4274 767 4329 ibi
783 4271 879 4345 loquar
895 4283 999 4340 tecum,
1015 4293 1024 4326 ι
1043 4274 1094 4330 ιιιιι
1145 4271 1359 4335 ιιιιιιιιιιιιιιιιιι,
1370 4269 1441 4339 quod
1455 4278 1600 4326 eratestra
1615 4268 1688 4324 iores
1699 4268 1801 4337 templi,
1812 4269 1881 4339 ejice
1895 4267 1936 4323 le·

307 4367 379 4438 quod
406 4365 554 4437 prophetiae
579 4380 634 4420 suae
658 4365 783 4436 gratiam,
798 4375 826 4420 ιι
848 4367 922 4436 prius
941 4365 1041 4421 tudaeae
1056 4365 1097 4420 ie·
1146 4358 1202 4425 ras,
1210 4368 1238 4415 et
1247 4376 1280 4415 ιιι
1291 4360 1411 4415 metiaris
1422 4359 1631 4429 illudquoniam
1641 4360 1733 4414 datum
1746 4367 1786 4413 est
1800 4358 1935 4429 gentibus,

308 4455 451 4512 lirrrderet‘?
467 4456 723 4527 llanepostmodum
738 4455 867 4527 dignatus
888 4466 931 4513 est
951 4457 979 4512 iu
1003 4458 1097 4512 latita·
1146 4454 1324 4509 etciritatem
1351 4464 1474 4510 sanctam
1498 4453 1643 4509 calcabant
1663 4452 1802 4508 mensibus
1820 4454 1937 4523 quadro-

308 4548 398 4603 dinem
412 4548 531 4619 gentium
551 4547 747 4603 demonstrare.
765 4548 858 4618 Neque
869 4548 942 4603 enirn
963 4548 1097 4603 immerito
1146 4545 1220 4615 ginta
1236 4544 1349 4600 duobus.
1653 4536 1656 4544 ’

308 4651 354 4706 per
375 4653 500 4707 campum
514 4637 650 4708 gentilitas
671 4638 839 4709 designatur,
861 4653 920 4708 quae
941 4636 1019 4707 longe
1033 4636 1097 4691 lato·
1185 4653 1194 4686 ι
1207 4634 1242 4689 Ει
1259 4642 1303 4700 tu,
1324 4634 1362 4690 llli
1377 4634 1506 4697 bominis,
1517 4650 1581 4690 eece
1593 4635 1655 4689 data
1670 4643 1733 4688 sunt
1746 4640 1865 4702 superte
1878 4634 1937 4687 rin-

310 4743 368 4798 que,
385 4729 411 4783 id
426 4738 485 4792 est,
500 4728 528 4781 in
543 4727 669 4782 universo
684 4729 785 4783 mundo
807 4728 984 4793 distenditur,
1007 4726 1044 4782 ibi
1070 4737 1096 4783 ιι
1151 4743 1160 4776 ι
1180 4725 1252 4791 cula,
1263 4734 1291 4780 ct
1303 4724 1425 4796 ligabunt
1438 4734 1464 4780 te
1474 4727 1526 4790 eis,
1537 4734 1565 4778 ιι
1576 4739 1628 4778 nou
1643 4723 1791 4793 egredieris
1803 4723 1835 4778 de
1848 4724 1936 4793 medio

310 4819 451 4873 subditur:
469 4817 783 4890 ‹Exsurgensegressus
795 4834 854 4873 sura
872 4819 899 4874 iu
919 4834 1055 4890 campum,
1069 4827 1097 4874 et
1151 4830 1161 4863 r
1182 4828 1286 4869 eorum.
1302 4814 1335 4868 Et
1345 4812 1463 4883 linguam
1481 4821 1554 4866 tuam
1570 4810 1708 4864 adherere
1729 4808 1826 4863 iaciam
1846 4811 1937 4878 palato

310 4924 369 4965 ecee
388 4908 470 4979 gloria
498 4908 604 4963 Domini
628 4910 732 4973 stabat,
748 4910 826 4979 quasi
843 4909 928 4981 gloria
942 4926 1023 4981 quatu
1042 4910 1095 4965 ridi
1152 4920 1162 4955 t
1184 4903 1226 4957 l'el
1240 4902 1342 4973 gutluri
1359 4911 1413 4965 1¹¹0,
1435 4908 1461 4955 el
1480 4900 1534 4954 elis
1549 4909 1650 4962 mutus,
1671 4913 1721 4954 nee
1735 4908 1765 4953 ¹¹2
1785 4899 1827 4953 iil
1847 4898 1938 4968 objur-

308 4996 380 5066 iuata
401 4998 499 5054 benten
516 4998 634 5055 Chobar.
655 5019 665 5052 ι
689 4999 718 5055 in
741 5015 837 5072 campo
857 5001 971 5072 gloriam
991 5000 1097 5055 Donrirri
1152 5009 1161 5045 ¹
1182 5009 1258 5064 itatis.
1271 4992 1333 5062 (1⁰5²
1344 4992 1613 5058 domuselssssllel'lns
1630 4996 1701 5043 ²⁵1st
1715 4987 1814 5060 (filebi
1823 4989 1898 5055 0¹10d
1910 4990 1936 5043 iu

311 5090 435 5161 propheta
451 5090 527 5161 vidit,
539 5106 620 5161 quam
640 5091 719 5162 juxta
741 5090 840 5147 humen
858 5090 965 5146 Chobar
988 5090 1014 5145 in
1038 5106 1097 5145 me·
1149 5084 1228 5139 dorae
1245 5082 1390 5145 clauditur,
1409 5078 1480 5148 quod
1494 5078 1607 5133 viriculis
1620 5078 1763 5148 alligatur,
1787 5081 1858 5148 equod
1884 5096 1937 5133 mm

312 5182 547 5239 diulsraelitaruru
570 5183 692 5251 rideret,
719 5184 782 5255 quia
800 5185 858 5255 ipsa
882 5181 941 5253 ejus
969 5183 1098 5251 majestas
1149 5172 1391 5245 egredituradeos
1410 5171 1562 5239 intorques
1577 5171 1689 5234 habitat,
1705 5171 1828 5227 sediuter
1848 5172 1938 5226 multi-

312 5276 433 5345 geatihus
444 5276 645 5347 apparatuque
658 5279 733 5347 prius
742 5291 771 5332 se
784 5275 877 5332 electis
891 5278 918 5331 jn
928 5275 1040 5333 ludaico
1052 5291 1099 5346 ρο.
1151 5268 1270 5322 tudinem
1283 5264 1453 5335 captiuorum
1464 5262 1636 5317 solitudinem
1647 5263 1765 5316 carceris
1778 5261 1895 5331 patitur,
1909 5270 1938 5314 ιιι

313 5368 379 5437 mio,
389 5367 524 5423 revehere
538 5368 641 5438 spiritu,
654 5367 811 5423 declararit.
826 5365 974 5439 Sequitur:
990 5366 1042 5421 «Ει
1053 5381 1100 5422 ιι.
1149 5374 1229 5429 supra
1250 5357 1321 5422 dixi,
1347 5355 1496 5411 obsidionis
1520 5353 1648 5408 indicium
1677 5360 1730 5418 est,
1750 5353 1822 5423 quod
1846 5353 1936 5406 etama

313 5460 360 5516 cidi
373 5461 401 5514 ia
416 5458 513 5514 laeiem
526 5475 624 5513 meam.
643 5478 653 5511 r
669 5459 731 5514 ilisa
747 5456 833 5529 gloria
847 5456 954 5513 Domini
967 5456 1098 5526 propheta
1149 5449 1297 5506 Jermalern
1334 5458 1415 5517 atque
1452 5445 1620 5501 circumdata
1647 5445 1682 5500 ab
1712 5445 1833 5499 exercitu
1859 5443 1938 5498 clud-

313 5548 446 5605 infaciem
466 5564 543 5604 suam
557 5548 639 5615 eadit,
663 5549 725 5618 quia
739 5547 862 5618 quamvis
877 5548 958 5604 boreo
972 5546 1007 5601 ad
1021 5545 1100 5599 intet-
1150 5541 1279 5598 dacorum,
1293 5537 1395 5593 nullum
1409 5535 1588 5589 habitantium
1609 5532 1683 5587 ieras
1702 5534 1776 5586 exire
1789 5532 1935 5601 permittet.

312 5637 415 5712 ligenda
439 5640 570 5711 spiritalia
590 5638 726 5705 elevatur,
754 5655 787 5693 ex
812 5637 1038 5709 contemplatione
1054 5646 1094 5689 ta·
1151 5630 1212 5684 llaec
1226 5638 1268 5683 est
1289 5626 1358 5689 olla,
1372 5626 1404 5680 de
1419 5640 1472 5694 qua
1484 5621 1617 5679 leceraias
1637 5622 1765 5691 loquitur,
1781 5621 1878 5689 etipse
1895 5618 1938 5671 hic

313 5744 369 5785 tuen
378 5729 772 5799 ιιιιιιιιιιιιιιιιιιιιιιιιιιιιιιιιι
781 5744 837 5784 ιιι
848 5726 1010 5785 conditionis
1022 5725 1096 5780 intel·
1150 5721 1280 5793 propheta
1306 5719 1333 5773 in
1357 5716 1594 5785 consequentibus,
1610 5715 1637 5769 in
1662 5730 1715 5785 (1¹1³
1741 5725 1837 5768 tardes
1850 5707 1937 5778 pupuli

311 5818 375 5889 ligii,
388 5830 416 5877 ιι
428 5821 610 5890 quasistatum
622 5820 774 5883 nonhabet,
786 5819 869 5887 quise
879 5826 942 5872 ante
953 5815 1097 5871 Deiocules
1151 5817 1354 5867 consumuntur.
1377 5806 1454 5874 Quod
1471 5815 1562 5861 autem
1582 5805 1673 5875 lingua
1698 5802 1835 5873 propheta¹
1850 5797 1938 5868 palato

310 5922 368 5967 csse
384 5912 504 5966 cinerem
520 5909 693 5980 etpulrerem
709 5908 791 5963 ridet.
807 5906 955 5976 Sequitur:
975 5905 1036 5960 ιΕι
1056 5904 1097 5958 iu·
1152 5902 1193 5956 rel
1225 5898 1327 5972 gutturi
1355 5898 1484 5959 eniterer,
1515 5903 1543 5951 et
1571 5904 1661 5949 ιιιιιιιιι
1686 5893 1797 5946 ellectus
1823 5887 1937 5943 auctori·

311 6016 418 6071 ιιιιιιι
430 6011 473 6057 ιιι
491 6001 519 6055 ιιι
530 6016 573 6055 me
591 6000 713 6070 spiritus,
728 6007 756 6053 et
767 5997 862 6054 statuit
872 6011 915 6053 rue
925 6010 1005 6067 super
1016 5994 1099 6069 pedes
1153 6001 1233 6047 tatem
1250 5987 1401 6051 nerninem
1415 5986 1590 6073 increpantis,
1613 5998 1693 6039 causa
1716 5982 1858 6051 perspicua
1881 5983 1938 6043 est,
