4500 6842
554 629 783 692 coenantem
803 615 1165 694 electuense-tto.
1184 639 1226 696 nt.
1656 653 1708 710 aar

234 739 517 812 aprehensibilisrislo
526 751 626 800 modae
638 742 788 809 Trinitatis,
804 743 867 800 bule
879 749 904 810 Α
918 760 990 811 nem,
1005 748 1038 802 ad
1053 763 1181 805 aceruum
1191 766 1320 808 novarum
1333 755 1452 828 frugum,
1468 758 1501 812 ad
1511 772 1559 812 eos
1573 760 1618 829 qui
1634 761 1709 816 babi-

234 831 343 898 ttldulee
353 832 393 895 dt,
406 833 476 902 quod
488 833 561 888 intus
574 832 655 897 ridet,
668 842 743 888 tauto
758 836 784 888 in
794 848 867 888 ama·

236 922 351 978 uertitur
364 937 443 977 omne
458 923 529 992 quod
540 921 606 976 loris
615 923 740 977 sustinet.
752 920 867 978 llixatur

240 1012 284 1068 bis
308 1028 368 1082 qnae
393 1012 461 1067 rurale
477 1013 564 1083 egisse
591 1027 620 1068 se
644 1013 787 1078 recolit,et
801 1011 867 1068 sibi-

234 1101 331 1174 splicet
353 1117 413 1154 curru
437 1102 461 1156 ei
477 1103 534 1172 jam
559 1100 603 1157 ille
622 1102 728 1171 plaeere
742 1102 865 1172 caeperit,

237 1192 349 1248 crearit.
366 1192 545 1262 lteprebendit
557 1208 586 1248 se
599 1195 632 1248 de
647 1194 864 1262 cogitationibus,

240 1279 275 1336 do
286 1281 386 1344 veritis,
399 1289 427 1334 et
438 1282 513 1349 punit
526 1280 614 1336 llendo
628 1282 661 1336 de
674 1281 760 1345 laetis,
773 1298 867 1352 super-

243 1379 349 1428 terrcna
362 1372 417 1439 janu
432 1373 521 1428 ouuua
537 1387 584 1441 per
599 1373 696 1427 mentis
710 1373 865 1441 despectum

234 1462 346 1532 quandiu
368 1462 441 1523 illud,
456 1462 527 1532 quod
555 1460 700 1526 desiderat,
719 1462 806 1517 adbue
817 1478 866 1533 per

234 1567 260 1608 ta
275 1551 363 1614 babet,
380 1550 445 1606 llere
460 1551 536 1606 dulce
549 1551 638 1616 babet,
654 1566 767 1621 seseque
779 1553 866 1607 eouti-

235 1640 290 1700 utis
303 1639 431 1711 allligere,
447 1649 474 1694 et
490 1640 553 1710 quia
577 1641 690 1695 necdum
705 1656 734 1696 se
753 1657 813 1696 esse
838 1640 865 1694 in

234 1744 306 1802 mant
320 1738 428 1785 creatus
442 1739 483 1786 est
492 1731 574 1794 sidet,
587 1732 614 1785 in
625 1731 705 1802 bajus
720 1732 781 1787 ritae
791 1732 864 1786 easi-

235 1819 319 1891 lplus
334 1820 405 1875 aliud
423 1836 502 1890 quam
526 1836 574 1875 sua
597 1823 749 1876 amaritudo
765 1823 864 1893 placet,

234 1912 345 1968 'etenim
357 1915 397 1968 su'.
405 1911 497 1980 jacere
510 1913 714 1982 temporalibus,
731 1922 758 1968 et
771 1914 866 1968 arden·

234 2011 252 2060 rt
264 2006 382 2061 eternis.
401 2006 454 2060 Sed
473 2006 610 2061 sciendum
626 2015 677 2072 est,
692 2008 754 2076 qnia
777 2007 865 2064 nullus

918 836 1065 907 tantjuxta
1082 837 1181 895 [iumen
1195 839 1311 897 Cbobar.
1326 863 1335 895 ι
1350 844 1417 900 Cum
1434 860 1515 900 eausa
1539 848 1661 918 exigeret
1680 860 1709 902 nt

916 924 1179 986 indicaredebulsset
1189 932 1260 1000 qurud
1271 935 1304 987 ad
1318 937 1581 1005 transmigrationem
1595 940 1707 1004 reniret,

916 1029 975 1084 quae
987 1016 1092 1072 dicendi
1104 1021 1251 1075 necessitas
1263 1021 1323 1087 luit,
1337 1032 1365 1079 ut
1377 1039 1425 1094 per
1439 1024 1529 1096 traps
1541 1026 1629 1083 lineum
1643 1046 1709 1096 quau

916 1117 968 1172 que
980 1106 1153 1176 expriuteret,
1165 1110 1267 1176 diceus,
1279 1107 1304 1162 ‘e
1319 1113 1359 1165 :ld
1371 1129 1495 1168 aceruum
1510 1132 1639 1170 notarum
1654 1118 1709 1170 lra-

915 1208 989 1263 gruu,
1002 1214 1011 1247 ι
1022 1197 1073 1251 nisi
1083 1198 1154 1267 quod
1166 1213 1237 1268 sepe
1247 1215 1294 1270 prr
1303 1217 1346 1255 res
1355 1203 1446 1258 etloea
1457 1220 1544 1259 carisa
1552 1207 1709 1276 signantur?

915 1287 991 1342 llulti
1016 1289 1115 1360 quippe
1129 1289 1254 1346 Ezechiel
1276 1295 1453 1364 prophetante
1464 1298 1520 1367 jaut
1543 1302 1708 1368 captiuitatis

916 1379 978 1432 anm
999 1378 1176 1446 tlessttxerant,
1191 1392 1272 1451 atque
1294 1400 1327 1437 ex
1353 1384 1395 1440 luis
1411 1387 1456 1456 qui
1472 1389 1498 1441 iu
1523 1390 1706 1457 captiuitatem

916 1467 988 1521 ducti
1002 1466 1125 1534 luerunt,
1141 1470 1232 1539 plures
1245 1471 1301 1540 jani
1317 1475 1344 1527 iu
1367 1486 1454 1531 morte
1471 1480 1561 1532 carnis
1574 1481 1706 1542 obierant,

916 1557 948 1610 ad
962 1571 1077 1626 quorum
1089 1559 1158 1615 lilios
1173 1565 1303 1632 propbeta
1323 1563 1394 1633 loqui
1407 1568 1540 1622 ueniebat.
1558 1568 1634 1624 liude
1644 1581 1671 1624 et
1682 1572 1707 1626 ei

916 1646 1040 1715 superius
1050 1646 1165 1703 dicitur:
1181 1650 1251 1705 ‹Ftli
1265 1653 1391 1718 borniuls,
1401 1670 1449 1725 ego
1463 1657 1539 1711 trtitto
1553 1667 1577 1712 te
1590 1661 1623 1714 ad
1639 1662 1707 1715 lilios

915 1735 1006 1802 lsrael,
1019 1739 1051 1792 ad
1064 1748 1158 1810 gentes
1168 1745 1354 1811 apostatrices,
1366 1761 1426 1815 equae
1442 1759 1638 1816 recesset-quta
1654 1767 1707 1817 rue,

915 1834 943 1879 et
963 1836 1052 1898 patres
1066 1845 1159 1885 eorum
1170 1834 1338 1901 pueraricati
1356 1846 1418 1890 struat
1437 1847 1543 1906 paetum
1560 1856 1647 1894 trierim
1664 1857 1708 1894 us-

915 1933 968 1987 que
981 1919 1007 1973 in
1027 1920 1098 1976 illem
1111 1922 1197 1987 bane,
1209 1932 1237 1978 et
1251 1924 1297 1979 dttt
1312 1927 1379 1981 dum
1393 1929 1498 1984 ceruice
1510 1939 1538 1984 ct
1552 1930 1708 1986 iruluruabili

915 2008 997 2064 eorde
1010 2018 1087 2077 suut,
1108 2013 1142 2086 ad
1159 2027 1226 2081 quos
1237 2029 1286 2085 ego
1298 2023 1325 2070 te
1336 2016 1424 2072 mitto.
1442 2037 1450 2067 a
1466 2017 1504 2070 Eu
1518 2020 1632 2087 quobus,
1645 2022 1708 2090 quia

234 2110 321 2152 amore
334 2098 523 2166 ouruipotentis
548 2097 652 2152 Domini
667 2114 700 2152 ex
714 2099 863 2154 totocorde
878 2105 901 2164 B
915 2099 990 2153 inulti
1008 2100 1114 2156 laterent
1132 2104 1271 2167 credituri,
1291 2114 1372 2175 atque
1396 2121 1444 2175 per
1465 2109 1646 2164 obedientiam
1673 2111 1708 2165 azl

234 2185 305 2253 talei,
317 2187 368 2243 nisi
377 2189 399 2243 is
412 2188 612 2258 cujusanimum
627 2188 744 2260 Spiritus
753 2197 863 2246 sanctus

233 2277 262 2333 it.
277 2276 344 2334 Nam
356 2280 463 2349 quando
474 2280 553 2336 bomo
567 2297 599 2335 ex
612 2296 661 2335 sua
680 2281 780 2335 virtute
792 2279 864 2338 solst-

235 2369 411 2440 adespiccre
427 2370 546 2426 coelestia
565 2386 668 2437 aurare,
687 2387 781 2442 parem
801 2387 862 2427 curn

234 2477 278 2529 ue,
289 2477 381 2520 seeum
396 2463 485 2518 risam
496 2464 599 2530 subire,
611 2464 638 2518 in
650 2465 812 2534 rogitatione
822 2479 864 2518 se-

234 2551 429 2620 reprebcndere
443 2559 471 2607 et
483 2553 628 2623 gemitibus
642 2553 755 2623 punire?
769 2553 864 2610 Nullus

234 2638 301 2695 vnisi
321 2656 401 2710 quem
415 2640 504 2696 diviua
520 2642 605 2712 gratia
621 2641 806 2708 roboraverit,
819 2656 864 2696 ua·

234 2738 254 2786 tt
267 2731 390 2786 subditur
402 2748 409 2784 ε

234 2819 353 2876 'Domini
363 2828 422 2875 erat
435 2835 538 2876 raecum
559 2820 714 2877 confortans
727 2836 780 2875 me,
797 2840 806 2873 ι
823 2820 864 2876 ,td

234 2923 257 2966 te
281 2924 422 2979 assurgere
435 2910 553 2980 perlecto
567 2926 619 2966 uon
643 2926 795 2981 possumus,
812 2912 864 2966 uisi

234 3003 463 3072 tetprereuiendo
470 3002 598 3069 clereto
606 3002 792 3071 subsequendo
800 3017 864 3057 eorr-

234 3093 470 3164 tprtaereudumeunt
482 3093 784 3165 superiusdeuolumiue
793 3093 864 3163 quud

234 3182 360 3254 seriptum
375 3183 429 3251 sit,
447 3203 456 3233 e
475 3183 509 3237 Et
521 3184 620 3238 lactum
635 3190 676 3238 est
690 3184 717 3244 iu
732 3198 763 3238 os
775 3198 864 3238 meunt

245 3273 333 3337 dulce,
350 3292 359 3324 ι
372 3288 425 3341 qua
438 3273 542 3329 ratione
556 3273 727 3345 postmodnm
742 3273 841 3334 dicitnr
855 3291 861 3326 :

234 3363 295 3420 uin
313 3364 493 3435 indignatione
516 3364 627 3434 spiritus
651 3364 714 3419 nuel.
739 3383 748 3415 ι
767 3363 862 3422 blirnm

914 2188 1079 2245 fertilitatem
1094 2192 1157 2248 boui
1177 2195 1267 2262 operis
1282 2196 1455 2264 peruenturi,
1473 2211 1585 2252 aceruus
1600 2196 1707 2268 frugum

914 2286 1044 2332 uocantur
1058 2294 1065 2332 :
1077 2281 1141 2348 quia
1150 2280 1222 2334 enirn
1238 2281 1314 2336 bonae
1327 2283 1423 2338 aalma
1435 2282 1525 2354 irriges
1541 2286 1708 2354 appellantur

913 2369 959 2423 liei
973 2371 1102 2440 propbeta
1118 2369 1187 2426 alins
1201 2379 1323 2437 testatur,
1337 2373 1432 2428 diceus
1447 2392 1453 2429 r
1472 2392 1481 2424 e
1497 2373 1614 2430 Saectus
1625 2374 1709 2430 lsral

913 2458 1038 2523 Douriuo,
1051 2458 1177 2529 prinritlae
1187 2457 1294 2531 frugum
1313 2459 1372 2529 ejus
1383 2462 1452 2533 (der.
1467 2463 1508 2530 u).
1524 2483 1533 2515 ι

951 2568 960 2601 r
978 2548 1012 2603 Et
1035 2549 1091 2604 sedi
1114 2549 1160 2604 ubi
1183 2549 1221 2604 illi
1245 2551 1385 2617 sedebant,
1401 2562 1429 2608 et
1448 2553 1535 2608 mansi
1552 2555 1589 2610 ibi
1604 2562 1706 2624 septem

916 2661 926 2693 r
944 2643 1038 2697 ‹lieluus
1051 2655 1168 2698 rraoereus
1183 2644 1208 2697 in
1220 2644 1308 2698 medio
1324 2659 1429 2700 eoruru.
1450 2665 1459 2698 ι
1475 2645 1626 2702 Notandum
1636 2648 1708 2717 quod

914 2732 1019 2800 captiuo
1026 2731 1257 2803 populoproplreta
1265 2738 1670 2805 sanctusquantaeoutpassione
1678 2752 1708 2792 se

914 2821 1031 2891 copulat,
1042 2836 1190 2891 eorumque
1208 2838 1238 2878 se
1252 2825 1413 2880 urceum-ibus
1422 2826 1592 2880 consulendo
1604 2835 1629 2881 et
1642 2843 1710 2881 ιιιω-

915 2913 998 2967 terralo
1013 2911 1231 2984 rotrjungit,quia
1245 2914 1320 2968 radis·
1335 2914 1407 2968 verbi
1421 2923 1465 2968 est
1476 2915 1560 2970 uirtus
1573 2916 1709 2986 opertere

916 3002 960 3056 illo
974 3016 1064 3056 sermo
1079 3000 1113 3055 ab
1126 3001 1253 3057 audiente
1267 3003 1381 3057 libenter
1392 3004 1533 3074 accipitur,
1553 3004 1599 3075 qui
1614 3021 1629 3058 a
1641 3020 1709 3076 prse-

915 3091 1090 3144 dicanteeum
1102 3092 1379 3160 eorupassioueanimi
1394 3091 1538 3163 profertur.
1550 3092 1595 3148 Sic
1608 3093 1708 3149 serrum

915 3196 976 3234 cum
996 3179 1069 3236 serm
1089 3179 1223 3252 juugitur,
1245 3182 1365 3253 liquatur
1386 3184 1460 3253 prius
1483 3194 1513 3239 ut
1539 3186 1709 3255 postnaodum

915 3272 1165 3343 sieissiruaseipso
1193 3283 1325 3330 teneatur.
1347 3274 1378 3330 st
1401 3276 1472 3331 cuitu
1499 3278 1574 3347 prius
1597 3278 1709 3336 tuioiure

915 3363 1057 3429 mollescit,
1072 3365 1241 3434 postmodum
1264 3366 1369 3422 sortiter
1385 3383 1414 3422 se
1428 3376 1519 3422 tencre
1533 3385 1585 3423 non
1600 3369 1707 3425 sullicit.

234 3454 257 3510 le
268 3462 319 3518 est,
333 3455 354 3509 si
368 3454 480 3510 dulcedo
494 3454 573 3509 simul
593 3463 620 3508 et
634 3455 785 3510 anuaritudo
798 3450 897 3514 con-C
913 3451 957 3508 sn·
980 3455 1109 3524 propbeta
1124 3454 1230 3523 captiuo
1241 3456 1338 3526 populo
1359 3457 1491 3520 consedit,
1508 3466 1535 3511 et
1548 3472 1665 3512 rrroercns
1681 3459 1707 3513 iu

234 3546 270 3602 ed
277 3544 355 3616 juxta
367 3547 534 3617 superiorem
546 3563 654 3602 sensum
668 3548 807 3604 sciendum
819 3557 860 3604 est

233 3652 290 3692 rnto
307 3636 353 3693 bei
365 3638 391 3691 in
404 3653 452 3692 ore
466 3637 555 3693 cordis
567 3638 721 3693 dulcescere
735 3638 858 3708 coperit,

234 3727 259 3784 nl
269 3729 351 3786 dubio
362 3737 456 3784 eontra
471 3744 500 3784 se
514 3730 620 3783 auinaus
637 3729 789 3784 amarescit.
801 3726 861 3795 Quo

234 3819 265 3878 llo
279 3818 414 3880 subtiliter
429 3818 518 3880 discit,
533 3817 650 3887 qualiter
673 3833 702 3872 se
717 3817 861 3887 repreben-v

235 3917 256 3975 t,
270 3923 304 3966 eo
322 3925 352 3966 se
366 3909 459 3963 durius
479 3924 526 3978 per
545 3910 751 3964 aretaritudiuem
774 3908 858 3979 poetui·

234 3997 297 4070 ligat
308 3999 353 4072 qui
368 4008 440 4053 tauto
452 4000 502 4054 sibi
514 4000 599 4070 magis
615 3999 749 4069 displicet,
760 4007 861 4070 quanto

234 4087 338 4143 turmine
351 4089 464 4159 amplius
477 4089 510 4143 de
526 4089 709 4162 omnipotente
721 4089 775 4144 beo
790 4090 861 4144 uidet

235 4197 244 4248 ;
257 4181 304 4237 sed
316 4182 378 4251 quia
389 4182 421 4235 ad
433 4182 483 4235 ista
495 4180 625 4250 proluere
636 4196 683 4236 sua
696 4182 795 4236 uirtute
806 4196 860 4236 nou

234 4287 251 4338 t,
267 4278 339 4327 reete
354 4287 424 4325 truite
449 4271 546 4325 elicitur
568 4288 574 4324 :
593 4289 602 4321 e
621 4271 714 4325 llanus
726 4272 797 4326 entra
809 4272 861 4327 llo-

246 4377 361 4423 mecum,
387 4361 542 4418 eoralurtaus
565 4376 617 4416 nro.
637 4382 646 4414 ι
673 4362 767 4419 Manus
789 4364 860 4420 enim

234 4467 309 4514 mero
330 4452 436 4521 eloquio
449 4452 593 4521 aliquando
605 4453 686 4507 etiam
709 4453 862 4523 unigenitus

234 4541 327 4609 datur,
342 4544 404 4612 quia
418 4545 507 4598 otrrnia
531 4558 578 4613 per
596 4544 683 4612 ipsum
703 4542 860 4609 factasunt,

244 4636 403 4692 aseeruioue
420 4653 467 4705 per
480 4635 589 4707 lloysen
604 4635 683 4691 l‘ater
692 4637 862 4705 omnipotens

234 4743 316 4783 eene:
331 4728 452 4781 «Tullum
467 4729 492 4780 iu
506 4727 603 4782 coelum
619 4743 727 4781 rnamun
738 4741 836 4782 meam.
849 4745 858 4779 ι

912 3544 999 3599 medio
1012 3560 1105 3599 eorum
1121 3546 1235 3610 exstitit,
1256 3554 1285 3599 ut
1307 3546 1369 3600 dum
1382 3562 1430 3617 pet·
1441 3548 1581 3602 clraritatis
1593 3549 1707 3616 gratiana

910 3630 1115 3686 conscendendo
1133 3647 1163 3686 se
1177 3634 1201 3686 ei
1227 3633 1375 3688 molliorern
1389 3636 1522 3701 reiteret,
1539 3651 1600 3690 euru
1615 3637 1706 3691 statim

910 3721 985 3776 verbi
998 3718 1157 3776 fortitudine
1178 3729 1290 3775 teneret.
1321 3720 1368 3776 Sin
1392 3738 1456 3775 tero
1477 3723 1640 3778 israeliticus
1660 3739 1708 3794 po·

909 3811 999 3882 pulos,
1015 3810 1060 3881 qui
1074 3809 1170 3865 domus
1192 3795 1360 3881 exasperaus
1381 3821 1503 3877 uocatur,
1529 3814 1591 3884 quia
1613 3814 1706 3883 culpas

911 3919 962 3958 uec
988 3903 1060 3958 inter
1075 3901 1178 3974 ssaqella
1197 3905 1322 3973 cognorit
1348 3904 1421 3959 nullo
1449 3920 1565 3960 turrerore
1586 3905 1706 3960 animum

911 3994 1051 4063 depressit.
1068 3992 1200 4065 Propheta
1214 3994 1284 4049 iuter
1298 4004 1390 4065 gentes
1402 4009 1519 4049 rrroerens
1537 3995 1631 4051 sedere
1646 4005 1705 4050 stu-

911 4084 977 4148 duit,
990 4092 1018 4137 ut
1029 4085 1142 4139 tacendo
1152 4092 1229 4138 osten
1242 4086 1307 4138 leret
1318 4084 1381 4155 quid
1393 4083 1527 4153 loquendo
1537 4097 1648 4141 uenerat
1659 4086 1706 4141 do·

910 4191 981 4240 ecre,
993 4185 1020 4229 et
1030 4176 1186 4246 priusquam
1199 4177 1279 4230 rerba
1292 4175 1391 4231 iaceret
1403 4176 1428 4232 iu
1442 4178 1493 4231 boe
1504 4175 1575 4246 quod
1589 4192 1706 4233 nroereus

912 4266 1005 4330 tacuit,
1018 4264 1132 4318 lurutaut
1143 4266 1285 4319 rerltornru
1296 4266 1419 4334 sumpsit.
1440 4264 1568 4335 Setprimr
1583 4283 1589 4319 :
1608 4285 1617 4318 e
1637 4267 1705 4322 Cutu

911 4369 999 4415 autem
1013 4359 1224 4430 pertransissent
1235 4368 1338 4430 septem
1350 4360 1418 4425 dies,
1432 4358 1532 4415 laretuur
1544 4369 1585 4415 cst
1595 4362 1706 4416 uerbum

911 4453 1016 4509 Domini
1032 4453 1064 4507 ad
1084 4467 1129 4507 nte
1141 4453 1243 4507 diceus.
1261 4472 1270 4504 ι
1292 4450 1394 4523 (Greq.)
1421 4451 1449 4506 lu
1463 4467 1495 4506 ee
1510 4451 1580 4521 iptird
1603 4461 1706 4522 septem

911 4543 1005 4599 ‹ttebus
1019 4558 1139 4598 moereos
1155 4542 1234 4608 sedit,
1251 4552 1278 4597 et
1294 4552 1355 4612 post
1367 4543 1437 4596 diem
1456 4543 1598 4611 septiuuuu
1622 4544 1705 4597 uerba

911 4635 1056 4691 llominleae
1065 4634 1196 4705 jussionis
1209 4639 1321 4706 accepit,
1336 4643 1365 4688 nt
1377 4634 1447 4705 loqui
1460 4633 1606 4698 debuisset,
1615 4643 1706 4702 aperte

911 4725 1012 4780 indicat
1025 4725 1088 4795 quia
1101 4724 1206 4780 eisdem
1220 4726 1314 4780 diebus
1334 4724 1472 4778 mmreudo
1496 4732 1627 4778 tacuerat.
1643 4722 1706 4779 llis-

234 4833 254 4883 s,
269 4833 329 4892 quae
341 4817 487 4872 electorum
498 4832 608 4872 suorruu
618 4816 700 4871 eorda
715 4814 858 4879 contortat,
876 4799 960 4867 Dsus
974 4821 1065 4869 autem
1079 4813 1112 4868 ad
1124 4813 1325 4885 predicandum
1347 4811 1444 4876 luerat,
1456 4819 1483 4865 et
1499 4820 1587 4865 tamen
1602 4823 1705 4882 septem

234 4909 350 4965 licebat:
371 4926 380 4958 e
399 4909 463 4962 Siue
486 4924 530 4962 ure
553 4907 620 4962 nibil
643 4907 756 4977 potestis
771 4904 860 4961 laeere

234 5011 248 5054 t.
273 5017 284 5051 t
305 4998 333 5055 ln
355 5013 435 5053 omne
460 5014 524 5068 crgo
550 4997 620 5066 quod
643 4996 809 5070 cogitamus,
832 4996 859 5049 in

246 5086 363 5160 aqimus,
377 5102 483 5156 semper
497 5087 630 5141 orarttduur
646 5092 703 5151 est,
721 5095 750 5139 ut
763 5094 791 5140 et
802 5085 859 5154 ipso

234 5179 387 5250 agitemus,
405 5187 431 5232 et
462 5179 519 5249 ipso
545 5177 687 5246 arljnvaute
717 5178 857 5233 lactamus.

238 5280 245 5334 i
259 5279 293 5334 ad
309 5280 571 5350 transmigrationem
591 5278 624 5334 ad
638 5294 765 5336 aceruum
778 5296 860 5336 nora-

234 5386 294 5436 pun,
309 5371 343 5426 ad
362 5387 409 5425 cus
431 5371 476 5440 qui
491 5371 647 5426 habitabant
667 5369 745 5440 juxta
761 5371 876 5436 llomen,

234 5460 323 5516 etseli
335 5460 383 5526 ibi,
400 5460 443 5514 ubi
466 5459 502 5514 illi
523 5461 662 5525 sedebant,
684 5469 712 5515 et
723 5462 807 5516 mansi
824 5460 860 5514 ibi

234 5553 321 5609 liebus
345 5568 462 5607 ttroet'ens
486 5553 512 5608 in
537 5554 625 5608 medio
640 5569 742 5608 meunt.
761 5573 770 5606 ι
787 5553 859 5607 luter

234 5643 341 5715 tpbetiae
365 5643 504 5709 urinae-ula,
519 5644 570 5698 boc
589 5659 696 5713 quoque
708 5644 858 5708 mirandum

234 5733 549 5804 direptionumque
575 5734 645 5789 sieut
669 5735 697 5789 iu
717 5735 758 5790 eis
770 5735 860 5792 uerbis

234 5839 373 5895 ,nunquam
389 5825 470 5879 rerba
484 5826 564 5886 relrus
578 5835 759 5896 exponuntur,
771 5836 800 5881 ut
814 5842 860 5882 eo-

234 5916 293 5972 turo
303 5916 384 5981 dicta,
400 5917 538 5971 sedetiam
550 5933 593 5972 res
606 5927 698 5987 gestor,
710 5919 859 5988 propbetire
879 5988 884 5997 .

258 6023 329 6064 trttnc
351 6006 468 6062 dieitur:
487 6026 496 6057 r
515 6007 580 6063 Verri
596 6009 629 6062 ad
645 6009 858 6078 transmigratio·

914 4905 1008 4960 diebus
1034 4905 1133 4961 sedens
1157 4904 1274 4959 tacebat.
1296 4901 1364 4970 Quid
1392 4910 1435 4956 est
1456 4902 1518 4965 boe,
1533 4903 1604 4972 quod
1629 4903 1705 4959 uobis

913 5004 1023 5052 sanctus
1037 4996 1168 5067 propbeta
1179 4996 1206 5049 iu
1217 4996 1269 5050 boe
1282 4994 1387 5050 silcutio
1407 4994 1504 5056 innuit,
1520 4995 1569 5049 nisi
1585 4996 1648 5065 quia
1662 4996 1705 5051 ille

912 5085 984 5156 loqui
996 5086 1219 5151 veraciternovit,
1233 5086 1279 5157 qui
1292 5087 1368 5156 prius
1380 5087 1449 5142 bene
1464 5096 1552 5144 tacere
1563 5089 1705 5147 didiceritt

912 5178 993 5243 Quasi
1008 5178 1079 5231 euim
1095 5177 1230 5246 quoddam
1245 5179 1438 5233 nutrimentum
1452 5181 1526 5234 serlri
1538 5190 1579 5235 est
1589 5195 1704 5238 censura

911 5270 1020 5324 silentii.
1037 5269 1070 5322 Et
1085 5277 1160 5324 reete
1175 5283 1223 5338 per
1236 5278 1438 5324 excrementum
1452 5269 1564 5334 silentii,
1579 5287 1704 5327 crescen-

913 5368 1084 5430 teruquoque
1104 5359 1219 5430 gratiani
1240 5359 1372 5414 sermonis
1392 5360 1507 5430 aceepit,
1522 5363 1567 5429 qui
1580 5362 1703 5417 ordinate

911 5458 990 5506 aritea
1009 5465 1058 5521 per
1071 5450 1250 5505 bumilitatem
1266 5458 1346 5505 tacet.
1372 5449 1440 5505 lliue¹
1454 5453 1553 5507 etenira
1567 5469 1615 5523 per
1628 5452 1704 5508 Salo-

912 5558 1019 5598 ruonetn
1033 5543 1131 5598 dicitur
1145 5560 1152 5598 :
1168 5562 1177 5594 e
1195 5541 1313 5613 'l'ernpus
1339 5542 1456 5609 tacendi,
1482 5552 1508 5599 et
1536 5554 1639 5615 ternpus
1664 5545 1704 5600 lo-

911 5631 1009 5702 quendi
1021 5631 1135 5702 (Eccles.
1147 5633 1200 5697 tul.
1217 5652 1226 5684 ι
1243 5631 1300 5686 nou
1312 5634 1383 5688 eninr
1398 5633 1447 5700 uit,
1459 5643 1563 5704 tempas
1577 5635 1703 5704 loquendi

911 5730 938 5776 et
963 5727 1069 5790 ternpus
1097 5722 1223 5788 tacendi,
1248 5723 1296 5779 sed
1324 5724 1401 5794 prius
1434 5726 1537 5780 tacendi
1563 5723 1702 5795 preturittit

913 5819 1029 5880 tenipus,
1045 5819 1073 5865 et
1086 5811 1257 5881 postmodum
1281 5812 1398 5868 subdidit
1414 5811 1548 5883 loquendi.
1564 5811 1632 5880 Quia
1647 5827 1705 5872 nou

911 5901 1043 5970 loquendo
1057 5909 1159 5969 tacere,
1174 5903 1222 5958 sed
1236 5904 1349 5959 tacendo
1361 5902 1489 5959 debmuus
1502 5903 1574 5974 loqui
1587 5903 1702 5964 diseere.

911 5989 939 6046 Si
951 6006 1015 6062 ergo
1029 5991 1159 6062 propbeta
1173 6001 1293 6061 sanctus,
1319 5993 1366 6067 qui
1381 5993 1478 6050 urissus
1492 5993 1525 6049 ad
1540 5992 1705 6068 loquendttttt
