4500 6842
250 660 300 721 set
805 660 956 719 ttomtnn
978 652 1010 716 tr
1031 659 1156 727 masc..
1178 661 1223 729 tr
1242 661 1351 731 nrtsr.
1832 669 1885 739 ae,

252 772 417 845 nraniicstas
433 781 487 849 est,
500 773 622 844 enodes
637 773 830 835 clementorum
846 776 941 831 ordine
959 781 1041 843 atquc
1055 777 1079 853 τι
1093 771 1161 843 legis
1182 773 1278 828 divinae
1294 772 1481 841 traditionibus
1499 773 1637 833 hominnm
1651 788 1821 849 postponere,
1839 787 1881 838 rot

251 864 431 935 consonantia
443 865 548 939 possint
562 862 1042 934 etsereuietplnriidiespraenosci,
1094 873 1169 921 certe
1191 865 1277 936 legem
1304 865 1393 922 uerbis
1419 867 1576 936 predicare,
1607 868 1686 926 iactis
1711 872 1884 944 impugnare3

250 955 348 1023 scribae
363 942 454 1021 autem
470 963 497 1009 et
516 953 645 1019 Pharisaei
661 955 706 1027 qui
722 954 884 1008 ridebantur
900 967 961 1008 esse
978 952 1044 1024 tegis
1094 954 1255 1009 fermentum
1279 963 1322 1010 est
1351 953 1562 1010 sadduceorum
1591 958 1733 1014 murinum
1761 970 1884 1021 tenure.

251 1047 379 1102 doctores
389 1059 423 1100 ex
432 1044 629 1129 Prophetarum
640 1045 842 1110 vaticinatione,
855 1061 907 1099 nou
919 1053 1044 1116 poterant
1092 1059 1144 1111 nec
1156 1045 1285 1100 doctnrrae
1298 1045 1356 1116 rjus
1370 1055 1417 1099 aut
1435 1046 1562 1116 operibns
1576 1047 1688 1104 credere
1704 1068 1711 1104 ε
1727 1051 1775 1106 sed
1794 1050 1881 1108 insul·

251 1136 408 1207 intelligere
427 1134 575 1190 salvatoris
589 1134 756 1189 adrentum:
777 1135 933 1204 spirierliter
952 1144 1042 1188 auteur
1093 1136 1177 1191 umdo
1192 1136 1245 1191 alia
1265 1137 1363 1206 quihus
1380 1137 1490 1192 credere
1503 1139 1619 1193 debcant
1632 1149 1733 1210 pctcre·
1755 1141 1883 1199 Fermen-

250 1229 324 1299 quod
344 1227 415 1301 dixit
427 1227 568 1293 hominus,
583 1227 654 1296 iacta
673 1243 776 1301 uespere
794 1226 901 1281 dicitis:
915 1226 1042 1281 Serenum
1091 1234 1149 1280 tum
1176 1225 1291 1282 Herodis
1319 1236 1361 1282 cst
1385 1227 1564 1292 adulterium,
1589 1230 1775 1299 homicidium,
1799 1242 1883 1289 teuto

248 1321 309 1386 erit,
328 1316 504 1385 rubicandprn
525 1326 562 1371 ert
584 1318 652 1375 eninr
673 1316 782 1382 celator,
812 1315 947 1391 significat
970 1318 1041 1386 quod
1091 1317 1160 1384 ritas
1168 1314 1278 1395 jurandi
1289 1357 1297 1382 ,
1309 1316 1447 1371 simulatio
1462 1317 1616 1388 religionis,
1630 1326 1658 1373 ct
1674 1321 1748 1388 qtrod
1760 1322 1881 1376 omnium

248 1424 298 1481 per
318 1408 479 1481 sanguinem
494 1407 628 1479 passionis
648 1407 748 1478 Christi
769 1409 795 1463 in
815 1407 903 1477 primo
924 1408 1041 1463 adrcutu
1090 1415 1133 1460 est
1150 1415 1232 1477 caput
1244 1414 1272 1462 et
1286 1407 1361 1477 erigar
1377 1406 1511 1462 scelerum
1527 1407 1619 1462 odium
1633 1422 1666 1462 ac
1686 1413 1838 1479 persecutio
1853 1413 1879 1467 iu

248 1500 416 1570 indulgentia
432 1508 603 1569 peecatorum
618 1498 708 1554 datur.
725 1499 758 1553 Et
773 1514 865 1553 inane:
879 1497 964 1553 Hodie
976 1510 1041 1553 tenr-
1090 1494 1880 1571 Clrristum,etpraecursoremejuspraeeonemqneprimum

247 1601 346 1661 pertas,
361 1589 445 1651 ,niet
471 1590 541 1649 caira
561 1605 620 1659 cunr
644 1589 749 1649 tristitia
765 1586 857 1651 ceiam
879 1606 886 1641 r
907 1587 1041 1658 significat
1091 1588 1166 1658 regui
1182 1588 1310 1643 coelestis.
1325 1587 1413 1659 bquo
1433 1596 1609 1658 utrorumque
1630 1587 1773 1653 tormento,
1797 1590 1879 1644 etiam

245 1682 321 1753 quod
338 1682 365 1737 in
385 1680 505 1737 seeundo
523 1679 639 1734 odronto
651 1678 712 1752 igne
730 1677 897 1748 praecedcnte
911 1686 1040 1731 rcnturus
1089 1677 1234 1746 apostolius
1248 1693 1297 1734 nos
1316 1679 1463 1750 prohibens
1484 1680 1522 1734 ait
1541 1679 1658 1750 :ltaque
1679 1680 1815 1751 epulemur
1828 1699 1879 1737 nou

244 1769 1039 1847 cst.Faciemcrpocoelidijudiearenostis,sipuaautearteat·
1089 1771 1116 1824 iu
1138 1770 1264 1840 serraculo
1282 1773 1393 1827 malitie
1409 1781 1434 1826 ει
1457 1773 1588 1844 aequitiae,
1606 1774 1652 1829 ced
1668 1775 1695 1830 in
1711 1794 1811 1849 capum
1822 1778 1879 1834 aitt-

244 1883 341 1937 poram
353 1865 528 1935 rroupatectir.
543 1862 625 1936 Signa
635 1872 784 1934 temporum
794 1863 861 1917 dixit
876 1863 909 1918 de
923 1864 1038 1919 adveatu
1088 1861 1205 1914 eerirrtis
1219 1871 1242 1915 et
1256 1862 1382 1917 raritatis.

245 1971 308 2020 stro,
329 1954 373 2010 rel
394 1955 517 2023 passione
530 1954 573 2009 cui
590 1953 678 2009 similo
695 1963 738 2011 εει
757 1968 866 2008 roseum
880 1951 978 2008 coelum
996 1969 1039 2008 rc
1123 1950 1157 2003 At
1168 1950 1207 2004 ilii
1216 1952 1362 2021 copitaiaat
1375 1953 1444 2005 inter
1454 1969 1482 2005 se
1494 1952 1632 2009 diceutes:
1649 1955 1719 2022 eria
1731 1974 1812 2027 parret
1826 1975 1879 2014 uon
1946 2017 1951 2024 ,

244 2059 339 2115 spere,
354 2052 384 2101 et
399 2043 465 2100 item
480 2045 514 2099 de
529 2043 704 2100 tribulatione
722 2051 784 2099 aute
798 2045 942 2101 adrentum
959 2059 1037 2098 suurn
1088 2044 1242 2111 arceamur.
1259 2042 1350 2099 Seioua
1364 2054 1450 2098 antem
1464 2043 1552 2110 Jecur,
1567 2047 1633 2100 dicit
1648 2047 1741 2115 :Quid
1758 2051 1879 2120 capitatia

243 2136 382 2209 l'tttttrttttt,¹
404 2135 449 2197 ctti
463 2134 551 2193 simile
567 2142 609 2197 csi¹
631 2151 708 2191 matre
721 2150 829 2193 roseum
844 2151 906 2193 cum
924 2135 1033 2190 tristitia
1050 2124 1152 2186 litnrer
1163 2133 1335 2197 uos‚modicoe
1344 2133 1416 2202 fidei,
1430 2135 1492 2204 prtia
1502 2153 1582 2206 partes
1600 2153 1652 2191 nou
1665 2138 1785 2193 habetis!
1800 2139 1877 2195 Nou·
1960 2209 1966 2219 Ι

243 2229 358 2289 ωςιιηη.
1087 2222 1149 2276 dura
1159 2222 1302 2292 intellipitic
1315 2240 1397 2293 neque
1409 2225 1584 2280 recordamini
1593 2229 1813 2298 quinquepartito
1826 2228 1878 2303 [ia]

281 2316 421 2390 Gertcratio
440 2317 512 2386 raaia
524 2326 548 2371 et
572 2316 693 2375 adultero
713 2317 815 2386 sianum
834 2319 938 2389 quant,
955 2329 980 2373 ct
1001 2320 1038 2373 ai·
1086 2316 1199 2386 quinque
1211 2314 1293 2368 millia
1306 2315 1452 2379 hominum,
1468 2325 1491 2370 ει
1504 2327 1567 2388 artat
1578 2320 1702 2388 cophinos
1713 2322 1880 2392 sunrpsistici

242 2425 329 2480 paritor
343 2424 395 2462 uon
418 2408 524 2462 dabitur
542 2408 576 2470 ei,
600 2408 652 2462 nisi
675 2407 777 2478 siquam
791 2407 877 2462 douc.
894 2407 951 2463 Non
972 2425 1037 2479 ergo
1087 2403 1180 2476 Neque
1193 2416 1288 2473 septem
1309 2423 1407 2477 piratam
1428 2404 1479 2479 [in]
1500 2417 1614 2478 mutuor
1628 2408 1712 2463 millia
1731 2409 1878 2481 bantinum,

243 2500 327 2553 datm
338 2499 446 2570 signum
461 2499 629 2570 generationi
644 2497 692 2563 illi,
708 2499 734 2553 id
750 2506 792 2554 est
806 2500 966 2559 tentantium
982 2500 1035 2555 llo-

241 2588 349 2643 rniuum
369 2598 397 2643 ct
416 2586 601 2647 insultantium
619 2589 709 2645 rerbis
725 2586 793 2657 cius,
816 2589 869 2644 tale
890 2590 981 2660 utiquc
997 2592 1035 2646 si·

240 2696 338 2751 giruni,
352 2679 433 2750 qualo
452 2688 588 2735 tentantes
605 2681 773 2751 atterebant,
785 2682 837 2736 hoc
852 2682 1034 2750 ost,decoelo,

240 2771 343 2843 quibus
359 2781 448 2828 tarnen
470 2773 552 2826 molta
567 2772 686 2828 colestia
707 2773 784 2844 signa
803 2774 885 2828 dabat
899 2774 926 2828 in
951 2782 1034 2831 terra.

240 2865 379 2919 Ceterum
399 2865 566 2935 generationi
588 2866 763 2934 qtraerentium
774 2863 927 2928 bertuinum,
944 2866 1035 2934 roqui-

238 2955 363 3010 rcutiuru
376 2954 473 3011 taciem
488 2954 535 3009 liei
549 2953 644 3020 Jrrcob,
659 2954 763 3026 signum
777 2955 809 3009 de
824 2953 893 3008 ecto
907 2955 1033 3008 ostende·

238 3047 299 3110 bat,
311 3045 420 3114 quando
429 3045 602 3101 comentibus
616 3044 751 3114 apostotus
763 3043 1031 3109 asconditincrolurn,

236 3136 351 3205 qrrartdo
368 3135 450 3190 nrisso
464 3134 497 3191 de
512 3134 611 3204 Spiritu
624 3133 791 3203 primitivam
803 3132 924 3203 implerit
939 3133 1032 3191 Eccle-

236 3223 311 3281 siam
326 3243 333 3276 :
348 3225 458 3294 quanio
470 3223 504 3295 ad
518 3223 718 3293 impositionem
733 3239 828 3278 manns
842 3223 1032 3293 Apostolorum

237 3315 265 3369 iu
284 3313 427 3380 Samaria,
443 3314 575 3380 Caesarea,
595 3314 720 3385 Epheso,
739 3313 852 3385 aliisque
874 3314 986 3370 urbibus
1001 3329 1033 3370 ac

238 3408 309 3463 lancis
324 3407 464 3477 plurimis,
477 3407 590 3478 gratiam
603 3407 635 3461 de
649 3407 719 3462 coelo
731 3405 843 3476 Spiritui
857 3414 953 3461 sancto
970 3423 1029 3461 cre·-

1085 2505 1109 2550 et
1120 2506 1182 2567 quot
1197 2503 1299 2567 sportas
1315 2498 1482 2568 sumpsistis?
1496 2496 1585 2564 Quare
1596 2515 1648 2553 nou
1660 2498 1803 2570 intellipitr'c
1815 2501 1878 2572 prtia

1086 2605 1138 2642 uon
1148 2588 1180 2641 de
1193 2604 1260 2657 parre
1271 2588 1327 2643 diei
1337 2588 1407 2643 uobis
1422 2604 1432 2643 .·
1448 2587 1542 2644 Coreto
1555 2607 1571 2643 o
1582 2590 1708 2659 [armento
1725 2589 1878 2648 Pirnricrco·

1085 2694 1144 2731 ruat
1157 2687 1181 2731 ct
1198 2677 1416 2733 Sadducaeorum.
1433 2678 1486 2733 l‘et·
1496 2681 1667 2736 occasionem
1681 2683 1807 2753 praecepti
1823 2700 1877 2752 quo

1085 2766 1209 2821 Salrator
1233 2768 1352 2838 jusserat
1366 2769 1461 2825 dicens
1477 2787 1484 2823 :
1501 2766 1595 2824 Carere
1606 2788 1622 2823 a
1635 2770 1761 2840 fermento
1777 2770 1876 2826 Phari-

1083 2875 1196 2911 cuorum
1210 2867 1234 2910 ει
1248 2857 1375 2925 fermento
1387 2858 1523 2914 llcrodis:
1539 2860 1616 2915 docet
1632 2875 1679 2914 cos
1694 2861 1757 2930 quid
1774 2860 1877 2933 signio

1084 2956 1147 3002 cent
1171 2947 1290 3017 quinquo
1309 2963 1392 3018 panes
1409 2958 1437 3004 ει
1458 2958 1561 3019 septam
1589 2950 1647 3006 sire
1669 2951 1802 3020 pisciculi,
1830 2962 1877 3010 aut

1083 3039 1201 3109 qrriuque
1212 3038 1294 3093 millia
1307 3039 1445 3094 hominurn
1460 3049 1488 3095 et
1498 3049 1615 3110 quatuor
1632 3042 1712 3097 nullia
1725 3059 1786 3114 qrrae
1799 3054 1876 3114 pasta

1083 3140 1146 3184 suut
1161 3130 1187 3184 in
1202 3145 1303 3196 cronio,
1314 3147 1366 3201 qno
1379 3131 1441 3186 licat
1454 3132 1592 3203 signorum
1606 3133 1762 3206 magnitudo
1772 3137 1861 3208 perspi

1074 3210 1134 3276 'crta
1147 3220 1190 3283 sit,
1207 3230 1296 3276 tarncu
1308 3222 1379 3276 aliurl
1394 3223 1507 3293 spiritali
1524 3224 1701 3294 intelligentia
1710 3227 1878 3284 alernonstre-

1083 3320 1137 3367 tru.
1153 3313 1182 3368 Si
1197 3315 1268 3369 cuim
1281 3313 1443 3369 lerrncutnm
1459 3314 1657 3371 Plrarisaeorum
1672 3325 1701 3372 ct
1715 3316 1873 3377 Saddueaeo

1084 3420 1144 3458 rum
1159 3413 1187 3458 ct
1204 3405 1364 3460 fermentum
1386 3405 1500 3461 llcrodis
1513 3422 1565 3462 nor
1581 3408 1748 3478 corporalem
1764 3425 1873 3481 petrem,

240 3497 371 3553 dentibus
383 3496 555 3550 ministrarit.
573 3496 642 3561 Quid
656 3505 747 3548 autem
761 3494 866 3565 siguum
882 3492 960 3568 lone
979 3465 1133 3551 sibiCsed
1162 3496 1322 3551 traditiones
1353 3512 1495 3566 pcrrcrsas
1526 3505 1553 3551 ct
1582 3498 1709 3555 trarettea
1741 3501 1876 3571 signilleat

243 3586 323 3652 rodit,
335 3585 394 3656 jam
408 3600 491 3656 snpra
505 3585 672 3650 dictumest,
687 3582 816 3654 Seqrritnr
830 3600 837 3639 :

278 3676 324 3742 Et,
340 3676 439 3735 relictis
454 3675 517 3738 illic,
534 3675 606 3729 adiit.
620 3674 730 3731 Relictis
743 3676 840 3732 scribis
851 3688 878 3733 et
889 3676 1034 3735 Plrarisais

245 3767 341 3833 quibus
360 3767 482 3830 tinxerat,
498 3764 637 3820 Gerrerutio
660 3765 730 3820 mulo
743 3775 766 3821 ει
785 3767 906 3824 adultera
928 3771 1032 3841 sianum

248 3857 335 3926 prurit
351 3872 360 3910 :
375 3864 399 3910 ct
413 3856 516 3926 siparum
534 3873 585 3909 uou
598 3854 704 3909 darhitur
716 3858 740 3910 ei
759 3858 809 3911 nisi
827 3859 930 3928 sianum
943 3859 1030 3928 iorem,

251 3953 317 3998 recte
329 3943 396 3998 abiit
412 3952 487 3998 trans
504 3943 603 4010 ireturu
624 3952 652 3999 et
667 3946 788 4017 gentium
802 3958 912 4005 sectttus
929 3963 971 4006 εει
983 3968 1032 4023 po-

252 4035 331 4104 purius.

211 4118 215 4124 ’
285 4127 312 4181 Er
325 4144 384 4182 cunt
403 4130 530 4189 eruissent
544 4128 669 4201 discipuli
683 4131 742 4202 ejus
755 4132 945 4203 transfretum,
958 4132 1031 4189 obliti

257 4228 305 4268 reru
324 4235 405 4286 porres
422 4220 547 4290 accipere.
567 4220 677 4288 ersrrat
692 4221 806 4291 aliquis,
823 4234 850 4277 ct
865 4225 945 4289 dieat,
962 4240 1030 4293 tarto·

259 4308 323 4361 urodo
333 4324 414 4378 panes
425 4326 477 4363 uon
490 4310 623 4365 bahclutnt
634 4312 679 4387 ‘ll'i
691 4313 781 4368 statim
797 4313 913 4382 iruplctis
928 4325 1032 4384 stantem

260 4400 341 4463 spanis
354 4400 533 4457 ascenderunt
554 4401 580 4455 iu
597 4402 749 4457 traviculam
763 4412 790 4458 et
807 4412 939 4458 reucruut
957 4407 983 4457 iu
1002 4404 1029 4458 lt·

261 4499 298 4541 urs
310 4489 451 4562 dirigedan,
471 4492 560 4562 ibique
578 4494 692 4548 audiunt
706 4495 879 4564 aurigantes,
898 4497 968 4566 qnod
984 4515 1030 4553 ca-

260 4589 308 4634 trre
321 4582 434 4638 debeant
447 4599 462 4636 a
475 4583 609 4640 lerrucnto
620 4585 818 4641 Pharisaeorum
830 4597 858 4642 ct
869 4587 1030 4646 Sadducaeo-

262 4682 316 4734 uuu,
332 4671 378 4727 scd
395 4670 537 4742 Scriptura
556 4683 671 4736 testatur
683 4677 754 4743 qrrod
767 4674 843 4730 obliti
858 4676 914 4731 siut
927 4693 974 4732 ens
988 4693 1020 4733 sc·

259 4759 519 4828 corroboratione
542 4770 631 4826 auteur
655 4763 808 4835 navigaturi
833 4773 906 4820 trans
928 4765 1026 4821 hctntu

258 4846 317 4906 obliti
338 4863 402 4908 sunt
423 4854 549 4916 viaticum
573 4871 679 4911 surpere
703 4873 804 4923 sccurn,
835 4858 963 4912 iudicium
986 4867 1028 4913 εει

258 4951 322 5006 tilam
338 4947 472 5002 nrodicam
484 4948 575 5005 carnis
592 4962 685 5002 euram
702 4950 834 5005 haberent
853 4951 880 5004 iu
895 4951 1027 5021 reliquiis,

258 5030 337 5096 unibus
350 5034 408 5106 ipsa
427 5037 562 5091 rohcieudi
577 5038 699 5108 eorporis
717 5041 863 5095 necessitas
876 5056 936 5109 qua
950 5050 1027 5095 natu-

258 5119 333 5178 raliter
345 5126 451 5183 erttrctis
470 5126 626 5182 mortalibus
636 5129 713 5188 inest
728 5130 878 5187 intentione
893 5131 1025 5189 Dominici

256 5212 383 5273 ronriertns
403 5224 494 5270 ntcute
505 5227 670 5275 arcesserat.
686 5219 761 5274 liaris
774 5235 837 5275 vero
852 5223 931 5292 panis
945 5239 1025 5294 quem

255 5315 330 5360 eruin
345 5306 483 5364 habebant
499 5308 525 5378 in
546 5310 607 5364 nari
624 5311 736 5382 mystice
755 5312 840 5382 ipsum
853 5327 949 5381 panem
966 5315 1027 5369 ritu

255 5389 383 5452 Dominum
411 5398 536 5454 ridelicet
568 5399 736 5457 Salvatorcur
768 5404 892 5471 designat
916 5421 923 5457 :
950 5405 1027 5475 errius

254 5494 419 5561 catarattula
441 5509 548 5562 semper
575 5496 648 5559 intus
675 5495 866 5551 reficiebantur
892 5494 918 5550 in
946 5498 1027 5551 corde

251 5583 328 5640 ritihus
340 5585 373 5640 de
391 5593 499 5642 terreno
511 5602 581 5656 panc
595 5602 648 5658 quo
662 5604 761 5658 corpas
774 5589 849 5658 pasci
864 5587 933 5642 solet
946 5603 1026 5642 cura·

249 5669 300 5728 iant
318 5693 324 5728 :

247 5850 697 5925 Plariaa’oruaretSaddnccorurn.
705 5857 733 5912 ln
744 5858 834 5913 llarco
843 5860 881 5912 ita
894 5861 1025 5928 scriptum

244 5954 294 5999 rat:
312 5946 401 6002 lidrtr
414 5959 439 6002 et
450 5959 537 6003 cauete
557 5967 572 6003 a
587 5950 713 6018 fermento
726 5948 921 6004 Pharisaeorum
936 5959 958 6004 et
975 5949 1026 6018 [er-

246 6048 323 6092 ncnta
333 6037 457 6094 llerodis.
473 6036 646 6094 Ferracruum
653 6038 852 6099 Plrariscornm
864 6052 906 6100 εει
915 6041 1025 6099 decreta

1084 3584 1223 3655 dogmata,
1239 3600 1323 3655 qunre
1340 3591 1367 3638 ct
1382 3583 1443 3646 cibi,
1458 3585 1557 3654 qrribus
1575 3587 1693 3643 nutritus
1707 3597 1748 3643 est
1761 3591 1875 3661 populus

1084 3674 1148 3738 hei,
1165 3690 1217 3729 uon
1232 3690 1323 3730 reram
1338 3672 1488 3730 doctrinam
1506 3676 1692 3749 integramque
1706 3679 1876 3752 signillocnti

1082 3765 1235 3820 istiusmodi
1251 3764 1428 3829 fermentum,
1445 3766 1515 3837 quod
1529 3769 1603 3823 omni
1618 3771 1722 3827 ratione
1733 3773 1873 3831 vitandum

1083 3864 1133 3918 cst,
1150 3857 1258 3922 habuit,
1276 3856 1393 3913 llarciou
1410 3865 1438 3911 et
1454 3858 1621 3925 Valentinus,
1637 3870 1664 3915 ει
1676 3877 1771 3919 omues
1784 3865 1873 3922 haere-

1085 3950 1146 4016 tiei;
1162 3949 1320 4005 icrnreutnur
1332 3950 1401 4005 lianc
1415 3949 1469 4014 rim
1481 3949 1562 4006 hahet
1576 3962 1604 4007 ut
1617 3953 1639 4009 si
1654 3953 1748 4009 tarinae
1762 3955 1871 4012 mistum

1082 4042 1183 4105 irretit,
1201 4040 1271 4110 quod
1286 4057 1398 4112 parrum
1414 4043 1573 4106 ridebatur,
1592 4051 1697 4097 crescat
1719 4044 1745 4098 in
1761 4044 1871 4114 majus,

1082 4141 1109 4187 et
1143 4132 1175 4187 ad
1205 4147 1327 4201 saporem
1358 4147 1436 4186 suum
1468 4133 1623 4189 universam
1651 4136 1871 4206 conspersionem

1082 4221 1181 4276 trahat,
1197 4220 1234 4274 lta
1245 4229 1272 4274 et
1282 4218 1403 4273 doctriua
1414 4218 1551 4286 iteratim,
1565 4221 1587 4276 si
1597 4222 1639 4275 νει
1652 4223 1785 4279 modicam
1798 4226 1871 4282 sein-

1081 4311 1164 4365 tiliam
1178 4311 1203 4365 iu
1219 4320 1292 4365 tuum
1306 4318 1399 4380 peetus
1408 4309 1512 4378 iecerit,
1522 4311 1548 4365 iu
1566 4311 1641 4367 breri
1657 4312 1752 4385 ingens
1763 4311 1872 4373 damma

1081 4412 1289 4468 srrr2crcscet,et
1310 4411 1392 4458 totam
1415 4403 1530 4460 honrinis
1555 4407 1756 4476 possessionem
1783 4411 1818 4466 ad
1841 4425 1871 4466 se

1082 4496 1179 4550 trahet.
1197 4494 1253 4548 lloc
1268 4504 1308 4551 εει
1322 4495 1354 4551 de
1368 4511 1421 4565 qrro
1437 4505 1464 4550 ct
1474 4494 1619 4566 apiostolus
1632 4497 1765 4569 loqrritur,
1779 4498 1868 4554 lindi·

1080 4601 1138 4639 cttru
1152 4585 1306 4654 [cernentum
1317 4595 1398 4639 totuut
1412 4604 1525 4640 rotomum
1539 4587 1689 4659 corrumpit.

1116 4674 1137 4728 Τ
1140 4692 1189 4729 une
1212 4675 1392 4732 intellexeruut
1412 4678 1481 4748 qrrod
1503 4695 1554 4732 nou
1580 4679 1676 4732 dicarit
1696 4692 1839 4732 corennum
1853 4697 1870 4732 a

1080 4763 1206 4834 (contorto
1216 4783 1323 4836 paratam,
1336 4766 1381 4819 ced
1394 4785 1410 4820 u
1423 4768 1542 4821 doctriua
1556 4764 1753 4822 Phariarorrtnt
1765 4777 1788 4822 ιι
1800 4766 1870 4824 Sad-

1079 4856 1240 4910 docueram.
1252 4856 1328 4923 Quod
1341 4856 1381 4910 eis
1394 4856 1458 4910 utile
1472 4865 1533 4910 erat
1545 4855 1690 4925 persuasit,
1706 4855 1783 4926 quod
1793 4857 1869 4911 noei-

1079 4961 1141 5000 runt
1163 4945 1250 5000 uitare
1269 4945 1365 5016 jussit;
1389 4945 1511 4999 doctrina
1535 4945 1607 4999 enim
1630 4946 1818 5017 superstitiosa
1842 4956 1871 5003 et

1079 5039 1205 5094 haeretica
1219 5047 1314 5110 grarat
1329 5039 1413 5108 magis
1426 5053 1507 5108 rpraru
1520 5039 1639 5109 adiurat,
1655 5041 1753 5111 mergit
1766 5048 1794 5095 et
1815 5055 1869 5095 non

1077 5131 1168 5202 erigit.
1183 5132 1205 5184 h
1221 5130 1289 5185 lrouo
1303 5146 1367 5202 ergo
1378 5131 1506 5201 magistro
1519 5130 1642 5200 discipuli
1658 5131 1782 5186 instructi
1794 5131 1871 5188 intel·-

1079 5221 1204 5275 lexcruut
1224 5220 1250 5274 in
1271 5219 1405 5273 fermento
1425 5220 1608 5276 seductionem
1627 5219 1825 5277 Pharisaeorum
1841 5230 1869 5277 ct

1079 5310 1303 5375 Sadducaeorum,
1325 5309 1379 5364 inro
1395 5309 1515 5364 omnium
1533 5310 1721 5367 hereticorum
1741 5312 1787 5383 qui
1800 5328 1868 5368 oen-

1079 5400 1161 5454 traria
1185 5398 1294 5469 sapiunt
1319 5396 1425 5450 raritati
1451 5411 1609 5466 expressam
1634 5400 1769 5456 uitandam
1795 5415 1868 5466 esse,

1077 5509 1158 5564 qrram
1172 5501 1199 5547 et
1214 5491 1325 5546 omnino
1342 5489 1390 5560 ipsi
1404 5490 1557 5544 ritarcrunt
1574 5500 1602 5545 et
1617 5491 1696 5548 nobis
1714 5491 1867 5564 sopiendam

1077 5601 1139 5641 esse
1153 5590 1327 5648 censuerunt,
1341 5591 1474 5653 otrannus
1485 5597 1592 5637 ornnem
1604 5597 1724 5639 crrorcm
1739 5595 1868 5654 speraren-

1079 5685 1119 5730 tcs
1134 5684 1161 5730 ει
1179 5675 1249 5729 riam
1270 5673 1392 5729 raritatis
1407 5688 1456 5743 pcr
1472 5674 1563 5728 omnia
1581 5682 1740 5744 monemus,
1758 5684 1867 5742 pta-raam

1078 5777 1206 5822 aeternam
1225 5766 1338 5822 eradcrc
1352 5773 1379 5820 ct
1393 5766 1476 5820 ritam
1490 5774 1618 5822 :emmam
1630 5761 1776 5835 prourcrcri
1793 5759 1867 5815 losti-

1079 5873 1185 5928 ucmus,
1204 5865 1349 5926 praestante
1365 5855 1480 5912 liormno
1499 5866 1594 5911 nostro
1606 5854 1670 5923 iesu
1688 5852 1805 5914 Christo,
1820 5847 1869 5919 qni

1079 5963 1142 6003 cum
1163 5946 1245 6000 Patre
1264 5954 1292 6002 ct
1312 5945 1415 6017 Spiritu
1431 5954 1527 6002 sancto
1547 5944 1613 5998 ririt
1627 5951 1654 5999 et
1671 5948 1767 6012 regnat
1782 5938 1866 6008 liena,

1079 6037 1231 6109 peremnia
1245 6039 1342 6097 sucula
1358 6038 1527 6096 seculorum.
1543 6035 1638 6092 tirncu.
1693 6076 1698 6086 .
