4500 6842
304 685 359 741 tua
800 684 975 743 couarrnr.
996 684 1028 740 vu
1047 682 1273 740 nzncmmcu.
1293 715 1327 725 -
1345 683 1408 739 nvo.
1430 683 1460 739 ιι.
1887 688 1939 744 ras
1977 662 1982 673 '

302 796 422 852 activam
439 795 521 859 imus,
545 811 559 849 a
573 810 625 864 qua
640 810 695 848 rcvt
703 797 737 850 ιιι
753 806 812 865 post
827 797 899 852 nullo
921 797 1001 852 modo
1016 797 1097 851 debe·
1111 801 1135 857 Α
1148 793 1243 865 fulgori
1255 804 1445 866 rouvpamutur
1457 814 1463 850 τ
1477 797 1539 867 quia
1550 796 1635 853 sancti
1647 798 1696 852 viri
1708 811 1769 853 curn
1780 798 1814 854 ad
1825 813 1941 870 superna

302 903 383 952 ntus,
401 886 465 956 quia
486 887 531 955 qui
545 895 606 955 post
624 885 696 941 iliam
710 889 744 942 ad
759 897 893 957 torporem
916 887 1096 959 negligentiae,
1149 885 1353 956 contemplanda
1367 884 1485 952 evolant,
1499 901 1561 941 rum
1578 886 1712 958 primitias
1726 886 1768 942 sui
1788 887 1901 958 spiritus
1914 888 1942 944 in

303 978 339 1033 ad
353 975 498 1047 pravitatis
511 976 656 1046 nequitias,
679 993 748 1047 quus
768 977 915 1048 reliquerat
938 977 1018 1042 redit,
1037 992 1099 1033 csse
1148 975 1267 1031 cmlesis
1283 978 1377 1047 patriae
1392 992 1484 1033 amore
1505 976 1605 1048 ligant,
1624 979 1671 1033 sed
1690 979 1794 1051 gravati
1819 979 1945 1034 humanae

303 1066 363 1123 sine
393 1064 487 1120 dubio'
502 1065 612 1121 coeleste
637 1065 737 1120 animal
765 1067 861 1121 nescit.
886 1066 954 1122 Cum
975 1080 1040 1121 vero
1064 1068 1098 1122 ab

304 1158 393 1212 activa
409 1157 464 1209 vita
487 1156 521 1210 ad
543 1157 778 1227 contemplativam
793 1158 948 1228 surgimus,
971 1158 1034 1228 quia
1052 1157 1096 1212 diu

304 1262 382 1303 meus
396 1256 470 1301 stare
485 1247 511 1300 in
535 1247 763 1315 contemplatione
778 1262 832 1302 non
851 1248 934 1314 valet,
958 1249 1005 1304 sed
1018 1263 1098 1305 omne

303 1338 377 1409 qnod
389 1338 423 1392 de
433 1337 584 1391 aeternitate
594 1350 642 1406 per
655 1336 793 1406 speculum
808 1337 870 1392 etin
881 1338 1022 1408 enigmate
1035 1352 1098 1392 cou-

303 1430 385 1501 spieit
397 1428 422 1501 (ι
440 1428 501 1483 Cor.
516 1428 587 1499 xm),
610 1428 687 1498 quasi
702 1425 795 1483 lurtim
814 1428 866 1483 hoc
889 1436 916 1483 et
931 1442 981 1498 per
998 1427 1098 1482 trausi-

305 1532 362 1576 tmo
389 1519 483 1582 vidct;
513 1519 569 1588 ipsa
595 1533 643 1573 sua
670 1517 837 1581 infirmitate,
859 1518 895 1573 ab
918 1517 1100 1572 immensitate

305 1620 389 1666 tantae
407 1610 576 1665 celsitudinis
588 1609 695 1664 animus
710 1609 834 1678 repulsus
852 1609 878 1663 iu
893 1609 1038 1677 semetipso
1059 1623 1099 1662 re·

304 1699 426 1755 labitur:
444 1708 471 1754 et
483 1713 594 1755 necesse
603 1707 653 1765 est,
670 1707 700 1754 ut
714 1699 747 1753 ad
757 1700 873 1755 activam
885 1700 990 1764 redcat,
1017 1714 1100 1769 seque

303 1793 393 1862 ipsum
405 1791 532 1847 continue
546 1791 573 1845 in
588 1792 658 1846 bona
669 1792 827 1861 operatione
844 1801 979 1859 exerceat,
995 1800 1024 1846 ut
1039 1809 1099 1849 erun

304 1897 382 1937 utens
396 1895 508 1950 surgere
521 1880 555 1935 ad
578 1879 782 1950 contemplanda
806 1880 927 1936 cmlcstia
948 1896 1001 1936 nou
1020 1882 1099 1949 valet,

304 1985 420 2042 quaeque
435 1979 525 2042 potest
546 1971 615 2026 bona
636 1985 717 2041 agere
735 1987 788 2024 unu
806 1980 921 2026 recuset.
946 1969 1045 2042 Sicque
1072 1971 1102 2026 bt

303 2070 332 2116 ut
348 2062 415 2132 ipsis
426 2061 482 2117 suis
494 2062 572 2117 bouis
587 2062 692 2117 actibus
705 2062 808 2132 adjuta,
824 2076 919 2116 mrsus
933 2061 959 2116 in
978 2071 1100 2118 coutem-

1149 1066 1362 1121 couversatiouis
1376 1067 1493 1136 pondere
1503 1067 1536 1120 ad
1551 1068 1709 1137 semetipsos
1724 1067 1846 1133 redeunt,
1872 1070 1943 1124 bona

1149 1156 1278 1219 coelestia,
1305 1171 1365 1225 qum
1377 1156 1472 1211 saltem
1488 1172 1536 1226 per
1548 1157 1685 1228 speculum
1707 1158 1881 1228 contemplari
1896 1175 1943 1228 po-

1151 1253 1270 1310 tueruut,
1285 1243 1415 1300 fratribus
1429 1245 1598 1311 denuntiant,
1622 1262 1769 1318 eorumque
1789 1249 1895 1303 animos
1915 1249 1941 1303 in

1150 1347 1270 1387 amorem
1279 1332 1379 1387 iutimae
1391 1331 1521 1387 claritatis
1529 1335 1688 1401 accendunt,
1701 1350 1839 1404 quamuoc
1849 1336 1941 1392 ridere

1150 1423 1219 1479 sicut
1233 1432 1285 1489 est,
1309 1438 1359 1479 trec
1381 1423 1453 1494 loqui
1469 1426 1615 1495 praevalent
1638 1429 1709 1482 sicut
1735 1429 1868 1484 viderunt.
1892 1429 1943 1484 bo

1150 1525 1264 1582 quentes
1275 1521 1365 1568 autem
1383 1515 1473 1571 verbis
1488 1516 1544 1571 suis
1561 1517 1642 1573 corda
1655 1518 1820 1574 audientium
1843 1516 1945 1574 scribut
1980 1577 1984 1583 ,

1151 1615 1179 1659 et
1191 1605 1346 1660 incendunt.
1372 1607 1454 1672 Quasi
1477 1622 1541 1678 crgo
1561 1607 1808 1682 lulgureoruscaus
1821 1612 1943 1679 redeunt,

1151 1697 1197 1768 qui
1219 1712 1280 1752 cunr
1292 1698 1412 1753 coelestia
1428 1698 1587 1769 loquuntur,
1597 1701 1661 1772 qnia
1674 1716 1723 1771 per
1740 1717 1787 1758 eos
1797 1717 1944 1773 supernum

1152 1792 1241 1845 lumen
1254 1791 1416 1853 intermicat.
1431 1794 1464 1849 ad
1484 1809 1604 1849 amorem
1625 1795 1744 1852 coelestis
1758 1796 1852 1866 patriae
1869 1811 1945 1853 men-

1154 1889 1195 1936 tes
1218 1881 1384 1937 andieutium
1399 1883 1575 1939 inflammant.
1598 1885 1672 1943 llore
1695 1887 1945 1957 itaquecourscan-

1153 1972 1188 2027 tis
1198 1970 1309 2042 bulgaris
1320 1988 1381 2028 cunr
1393 1972 1528 2044 loquendo
1540 1977 1703 2046 percutiunt,
1716 1979 1803 2047 iguem
1815 1977 1945 2048 spiritalis

1154 2063 1279 2120 desiderii
1292 2074 1433 2136 spargunt.
1459 2064 1639 2137 Alioquoqne
1664 2068 1743 2122 modo
1768 2076 1861 2122 sancta
1885 2068 1945 2122 aui-

302 2154 451 2225 platiouem
475 2163 576 2224 surgat,
593 2163 620 2209 ct
640 2154 739 2208 amoris
757 2161 863 2223 pastum
878 2153 912 2208 de
923 2153 1020 2224 pabulo
1034 2169 1099 2209 con·
1115 2165 1137 2223 Β
1151 2155 1232 2211 malla
1252 2155 1353 2209 vadunt
1365 2163 1392 2210 ct
1418 2157 1531 2212 redeunt
1550 2175 1558 2211 ι
1575 2158 1676 2212 vadunt
1698 2158 1845 2213 enimcum
1860 2157 1893 2211 ad
1907 2157 1945 2211 iu-

304 2244 441 2315 templatae
454 2245 578 2299 veritatis
591 2245 717 2315 accipiat,
731 2245 758 2298 iu
770 2260 823 2314 qua
834 2243 896 2313 quia
910 2244 955 2298 diu
967 2259 996 2298 sc
1007 2251 1100 2301 tenere
1150 2245 1309 2304 sinuandam
1331 2246 1449 2303 coelcstis
1474 2249 1536 2304 doni
1563 2249 1679 2320 gratiam
1703 2249 1730 2303 iu
1754 2244 1945 2320 praedieatione

305 2335 362 2404 ipsa
374 2334 556 2405 corruptionis
575 2334 718 2390 iufirmitas
730 2351 783 2390 uon
798 2343 895 2404 potest,
911 2335 946 2390 ad
958 2336 1028 2391 bona
1042 2351 1101 2390 rur·
1152 2338 1305 2403 mittuntur,
1327 2345 1409 2408 atque
1428 2344 1458 2392 ut
1480 2339 1514 2392 ad
1529 2337 1609 2393 ladem
1628 2339 1737 2394 trabant
1759 2338 1827 2394 mira
1852 2352 1945 2393 eoram

303 2441 363 2482 sum
380 2441 464 2497 opera
482 2426 598 2492 rediens,
612 2426 753 2481 suavitatis
763 2425 809 2480 bei
825 2426 954 2482 memoria
970 2427 1100 2495 pascitur,
1152 2427 1303 2484 iulldelibus
1325 2427 1447 2496 laciuut;
1468 2430 1516 2486 sed
1535 2431 1650 2486 redeunt
1662 2430 1726 2500 quia
1751 2431 1808 2485 brec
1823 2430 1946 2501 omnipo-

303 2527 331 2574 et
347 2516 416 2574 loris
427 2518 481 2589 piis
491 2517 606 2582 actibus,
622 2517 693 2572 lutus
707 2531 769 2572 vcro
781 2516 883 2572 sanctis
897 2516 1040 2572 desideriis
1053 2532 1103 2571 nu·
1153 2518 1234 2574 tentis
1257 2519 1363 2574 Domini
1378 2519 1472 2574 virtuti
1495 2519 1664 2587 tribuentes,
1687 2520 1863 2592 sibimetipsis
1884 2533 1946 2592 qum

306 2607 397 2664 tritor.
420 2607 596 2663 Beneautcm
620 2608 785 2664 revertentia
808 2605 934 2662 animalia
950 2606 1104 2663 coruscanti
1155 2606 1269 2664 iecerint
1284 2625 1338 2664 nou
1348 2609 1514 2666 adscribunt.

1840 2776 1920 2790 μ

864 2909 1037 2992 ἰιιιιιίιι
1074 2911 1356 2989 SECUNDUS.

1006 3072 1245 3087 -ῌ

471 3150 647 3220 stUtvbtt
659 3148 773 3207 crttttt
790 3148 935 3206 bbllltlll.
1153 3145 1255 3219 Argum
1281 3147 1364 3204 luisse
1377 3149 1548 3206 centoculum
1565 3151 1622 3208 sire
1637 3152 1782 3211 multomm
1795 3157 1947 3230 oeulomm,

344 3262 354 3294 ι
375 3241 499 3310 Cumque
511 3241 660 3311 aspicerem
677 3238 813 3304 animalia,
828 3238 953 3309 apparuit
963 3246 1021 3293 rota
1045 3253 1098 3292 una
1152 3250 1232 3308 quem
1243 3236 1314 3293 Juno
1324 3237 1351 3291 in
1362 3253 1459 3309 pavum
1466 3240 1587 3296 vertitob
1594 3242 1773 3314 negligentem
1783 3248 1947 3317 custodiam,

313 3341 548 3403 «superterram
577 3329 653 3400 juxta
678 3330 824 3396 animalia,
850 3330 953 3386 babens
984 3341 1100 3399 quatuor
1153 3344 1183 3389 ut
1197 3334 1269 3403 quod
1281 3334 1441 3388 miraculum
1453 3345 1495 3390 est
1509 3335 1658 3392 conditoris
1672 3337 1804 3402 bei,hoc
1817 3343 1947 3398 condem·

314 3443 322 3475 ι
341 3422 435 3490 iacies,
450 3431 477 3476 et
492 3431 616 3491 aspectus
628 3429 747 3476 rotarum
763 3431 871 3492 etopus
891 3437 996 3487 earum,
1021 3424 1099 3491 quasi
1114 3450 1137 3513 C
1153 3424 1226 3479 natio
1247 3434 1319 3479 essct
1334 3423 1411 3479 inulti
1426 3423 1561 3479 adulterii.
1576 3425 1673 3481 Omnia
1689 3428 1809 3485 coelestia
1821 3440 1849 3487 ct
1863 3441 1948 3489 terrc-

314 3532 322 3565 v
340 3514 409 3569 risio
424 3512 527 3576 maris,
549 3520 577 3565 et
596 3527 648 3565 uua
671 3509 819 3565 similitudo
841 3510 959 3581 ipsarum
974 3519 1099 3580 quatuor,
1154 3515 1229 3579 stria,
1246 3523 1274 3570 ct
1288 3515 1417 3585 quidquid
1431 3515 1482 3571 sub
1496 3517 1642 3572 humanam
1656 3519 1729 3574 cadit
1743 3520 1947 3594 intelligentiam

315 3623 323 3657 ι
342 3617 369 3662 et
392 3614 521 3676 aspectus
539 3620 632 3661 earum
645 3616 674 3661 et
687 3621 787 3676 opera,
803 3607 879 3674 quasi
901 3614 960 3661 rota
973 3606 998 3660 in
1014 3606 1102 3661 medio
1153 3606 1218 3663 solis
1239 3607 1306 3662 rotis
1318 3606 1443 3672 volvitur,
1467 3607 1532 3663 solis
1546 3623 1667 3665 annuum
1680 3612 1813 3669 circulum
1827 3632 1873 3687 per
1888 3619 1947 3674 siu-

315 3714 324 3751 t
342 3708 425 3761 rotae,
439 3711 488 3768 per
503 3703 619 3767 quatuor
632 3704 723 3766 partes
744 3712 836 3751 carum
855 3704 960 3760 euntes,
988 3695 1061 3750 ibaut
1074 3704 1102 3751 ct
1153 3697 1229 3768 gulos
1241 3712 1348 3753 meuses
1359 3697 1422 3751 luna
1440 3698 1569 3754 decurrit.
1592 3699 1700 3756 Lucifer
1711 3704 1757 3772 qui
1780 3706 1836 3776 ipse
1849 3724 1948 3780 vesper

315 3786 1100 3857 tnourevertebautureumambularent:statumque·
1152 3794 1203 3850 est,
1230 3788 1292 3843 dum
1311 3787 1345 3840 ad
1362 3786 1494 3841 orientem
1509 3795 1536 3842 ct
1550 3787 1584 3842 ad
1599 3791 1767 3848 occidentem
1784 3795 1880 3852 rutilus
1895 3800 1947 3854 nvi·
2018 3828 2025 3842 κ

316 3897 324 3930 ι
344 3896 397 3950 que
414 3889 475 3935 erat
489 3881 555 3935 rotis
567 3889 593 3935 et
606 3879 718 3935 altitudo
731 3887 758 3934 ct
776 3879 914 3935 horribilis
927 3890 1061 3949 aspectus,
1074 3888 1102 3936 ct
1153 3889 1215 3942 eat,
1242 3886 1269 3932 et
1293 3878 1380 3932 noctis
1411 3879 1536 3934 tenebras
1559 3895 1643 3949 parvo
1667 3889 1799 3954 temperat
1823 3885 1946 3954 lumine,

316 3989 324 4020 ι
343 3978 429 4025 totum
449 3983 547 4039 corpus
563 3970 671 4039 plenum
689 3969 774 4025 oculis
794 3969 821 4026 iu
842 3969 957 4025 circuitu
982 3970 1101 4040 ipsorum
1152 3967 1343 4023 duobusaunis
1355 3966 1479 4022 eumdem
1493 3969 1601 4025 conficit
1615 3985 1735 4027 cursum.
1748 3973 1861 4047 Altaque
1870 3988 1946 4035 astru

317 4079 324 4110 ι
340 4069 468 4131 quatuor.
482 4080 492 4113 ι
523 4059 657 4132 (Hieron.)
672 4060 730 4115 lluc
744 4076 829 4131 usque
852 4068 969 4131 quatuor
980 4060 1102 4114 animan·
1153 4067 1343 4125 quatuorque
1365 4065 1496 4111 vocantur
1509 4059 1648 4126 errantia,
1669 4069 1697 4117 ct
1709 4064 1839 4136 quidquid
1858 4067 1944 4139 fulget

315 4149 385 4212 tium,
401 4164 463 4219 quae
483 4157 629 4219 quaternas
651 4148 786 4204 habebant
806 4149 908 4215 iacies,
930 4151 1035 4219 pictura
1056 4150 1101 4204 de·
1154 4145 1179 4199 iu
1197 4146 1276 4202 coelo.
1303 4145 1429 4218 Segetum
1456 4163 1563 4218 quoque
1594 4158 1622 4205 et
1635 4152 1763 4209 arborum
1782 4155 1943 4212 herbarum-

314 4240 441 4295 scribitur
458 4241 628 4310 sequentium
655 4241 779 4312 spiritum
803 4250 831 4297 et
846 4241 944 4296 nubem
968 4256 1028 4312 quaa
1042 4249 1102 4296 erat
1152 4251 1206 4304 que
1227 4235 1387 4305 varietates,
1413 4252 1463 4307 per
1475 4249 1592 4308 quatuor
1606 4249 1728 4313 tempora
1749 4246 1807 4301 suis
1830 4260 1945 4305 currunt

313 4327 335 4384 iu
353 4330 445 4385 medio
470 4331 594 4401 spiritus.
617 4329 694 4385 Nunc
706 4346 755 4401 per
776 4330 879 4403 singula
899 4332 1024 4386 animalia
1046 4332 1101 4387 sin·
1153 4325 1231 4391 rotis,
1245 4325 1364 4396 nihilque
1376 4328 1533 4396 aspicimus,
1543 4329 1614 4399 quod
1628 4339 1691 4386 ante
1703 4347 1756 4388 non
1766 4331 1856 4389 luerit.
1867 4355 1876 4389 ι
1887 4335 1945 4409 Gy-

313 4420 378 4489 gulae
389 4428 527 4491 ponuntur
541 4429 616 4486 rotm,
630 4436 690 4489 qum
704 4436 757 4476 non
770 4428 849 4476 eraut
866 4419 967 4489 junctae
977 4422 1100 4476 animm-
1153 4432 1216 4472 raus
1230 4418 1350 4488 gyrmrdo
1366 4418 1441 4473 vadit
1453 4420 1575 4487 spiritus,
1599 4430 1626 4476 et
1649 4422 1676 4477 iu
1699 4424 1815 4481 circulos
1826 4441 1890 4483 suos
1904 4443 1948 4484 ro-

313 4511 393 4577 tibus,
412 4510 461 4566 scd
484 4512 666 4581 sequebantur
678 4527 731 4567 ea:
753 4511 809 4566 sire
823 4528 875 4566 una
899 4521 957 4566 rota
979 4513 1101 4582 apparuit
1152 4507 1276 4563 vertitur.
1295 4506 1395 4563 Omnes
1410 4516 1545 4565 torrentes
1560 4512 1661 4565 vadunt
1678 4513 1704 4566 in
1717 4529 1802 4586 mare,
1828 4523 1856 4571 et
1869 4532 1945 4574 utare

312 4617 390 4674 super
409 4612 522 4670 terram,
543 4619 603 4673 qum
628 4604 712 4658 divisa
728 4619 777 4675 per
791 4613 907 4675 quatuor
922 4613 962 4658 tot
984 4605 1103 4659 babebat
1152 4613 1204 4652 non
1225 4598 1387 4668 adimpletur
1401 4599 1501 4670 (Eccle.
1522 4601 1552 4672 ι).
1571 4621 1580 4653 ι
1598 4601 1709 4668 erarei
1727 4603 1795 4671 Quia
1809 4607 1843 4661 ad
1859 4605 1954 4667 tontes„

313 4693 393 4750 lacios
414 4702 482 4764 quot
499 4695 625 4748 animalia
650 4696 843 4764 sequebantur,
870 4701 999 4764 tantaque
1027 4695 1103 4749 simi--
1152 4705 1216 4744 suos
1232 4690 1265 4744 dc
1287 4690 1400 4745 ruatricc
1425 4692 1522 4761 abysso
1538 4701 1720 4746 revertuntur.
1736 4693 1963 4766 Evangeliorut'tr?

312 4783 395 4839 litudo
423 4793 485 4839 erat
504 4798 622 4838 rotarum
648 4793 764 4856 quatuor
782 4786 954 4855 sequentium
973 4786 1099 4840 animalia
1114 4791 1253 4857 Dantem,
1267 4782 1293 4836 id
1309 4792 1351 4838 cst
1372 4790 1487 4850 quatuor
1511 4782 1677 4848 animalium,
1695 4800 1756 4854 quar
1768 4787 1888 4856 spirant,
1902 4789 1945 4845 vi·

312 4885 437 4945 quatuor,
454 4881 483 4928 ut
494 4890 548 4928 una
561 4884 618 4930 rota
634 4875 774 4931 verissime
788 4877 960 4931 crederetur:
980 4891 1100 4946 opusque

311 4974 475 5023 eanrmerat
487 4976 568 5037 atque
588 4970 692 5022 l'actura
707 4968 784 5037 quasi
800 4968 868 5023 visio
889 4968 998 5034 tharsis,
1021 4983 1100 5037 quam

313 5075 356 5116 nos
370 5061 398 5115 ιιι
412 5074 490 5115 mare
501 5061 639 5125 vertimus,
655 5060 751 5129 llquila
764 5060 931 5115 hiacinthum
945 5061 1043 5130 posuit,
1055 5061 1101 5129 qui

313 5150 377 5224 lapis
389 5152 452 5208 coeli
470 5153 552 5208 babet
564 5151 777 5208 similitudinem.
804 5153 990 5222 bspectusque
1008 5167 1102 5207 earum

313 5255 367 5303 erat
380 5247 460 5316 quasi
476 5257 534 5301 rota
554 5246 581 5300 lu
596 5254 665 5310 rota,
691 5253 721 5298 ut
741 5261 794 5299 nou
812 5260 893 5300 onam
909 5253 995 5299 rotam
1011 5245 1103 5300 crede·

313 5350 363 5402 res,
378 5336 426 5390 sed
447 5334 558 5388 alteram
573 5333 649 5388 alteri
670 5332 832 5403 oopulatavu.
850 5331 903 5388 Per
914 5341 1030 5403 quatuor
1040 5348 1103 5402 par·

315 5435 351 5484 tes
373 5429 462 5492 ibant,
489 5436 517 5481 et
537 5441 588 5481 ιιοιι
615 5427 793 5482 trahebantur
823 5441 874 5481 ucc
901 5425 1105 5480 revertebantur

317 5527 474 5573 retrorsum.
496 5517 546 5583 Qui
557 5517 629 5571 euim
652 5516 710 5572 steri
722 5524 827 5587 poterat
840 5523 870 5569 ut
894 5523 1103 5578 reverterentur,

316 5621 372 5662 eum
383 5615 565 5676 sequerentur
576 5605 714 5672 animalia,
729 5621 788 5676 qum
801 5620 906 5675 semper
921 5607 953 5661 ad
972 5606 1061 5674 priora
1077 5619 1106 5658 se

318 5701 479 5755 teudercutl
503 5698 612 5753 Statura
647 5713 754 5768 quoque
787 5706 907 5753 rotarum
934 5707 962 5752 et
994 5697 1107 5752 altitudo

318 5799 389 5845 tauta
413 5798 474 5844 erat
491 5798 521 5844 ut
534 5788 694 5844 miraculum
708 5788 861 5843 videntibus
872 5786 991 5843 laceret:
1009 5797 1109 5842 totum-

319 5895 366 5950 que
379 5896 480 5952 corpus
492 5889 521 5935 et
536 5880 617 5935 dorsa
630 5890 708 5936 erant
723 5879 800 5950 plena
815 5879 883 5934 lucis
901 5879 1063 5943 incircuitu,
1080 5886 1109 5933 ut

320 5973 418 6028 nullum
440 5972 622 6027 membmrum
638 5972 775 6042 aspiceres
794 5972 864 6039 quod
884 5969 976 6025 oculos
1001 5970 1109 6024 lurniuis

322 6074 371 6120 too
382 6062 511 6120 baberet:
524 6062 683 6134 qualemque
695 6062 849 6118 describunt
858 6060 955 6116 fabulae
967 6070 1107 6132 poetarum

1154 4881 1229 4936 vum,
1245 4872 1413 4941 intelligunt,
1441 4871 1539 4940 siquis
1559 4880 1645 4925 rotam
1670 4889 1833 4947 cursumque
1853 4881 1946 4936 consi·

1152 4961 1238 5027 deret,
1254 4962 1280 5016 in
1303 4961 1377 5015 brevi
1396 4970 1515 5029 ternpore
1532 4961 1633 5017 videbit
1650 4965 1779 5020 mundum
1795 4982 1856 5024 esse
1871 4984 1946 5026 conr·

1152 5053 1254 5123 pletum
1267 5067 1390 5108 sermone
1404 5052 1562 5122 apostolico.
1583 5053 1652 5110 Rota
1671 5072 1781 5128 quoque
1794 5060 1820 5115 in
1832 5071 1890 5118 rota
1904 5063 1948 5119 rel

1153 5142 1266 5197 duorum
1281 5140 1408 5210 junctura
1435 5151 1655 5200 testamentorum
1679 5157 1721 5203 est
1747 5151 1819 5220 quod
1843 5153 1948 5212 indicat

1154 5232 1225 5288 scala
1238 5229 1334 5297 Jacob,
1348 5241 1375 5286 et
1388 5230 1495 5300 forceps
1509 5232 1594 5299 lsaiae,
1615 5245 1644 5291 et
1653 5236 1759 5306 gladius
1771 5241 1813 5297 bis
1825 5253 1922 5301 acutus
1936 5264 1944 5300 a

1153 5320 1195 5376 rel
1208 5319 1346 5390 evangelia
1357 5321 1408 5375 sibi
1421 5322 1595 5389 cohaerentia,
1606 5329 1728 5394 'quorum
1742 5345 1836 5387 rursus
1853 5342 1881 5388 et
1892 5344 1948 5390 sta-

1155 5421 1215 5465 tura
1229 5411 1313 5465 tendit
1325 5411 1358 5465 ad
1372 5411 1482 5477 coelum,
1508 5413 1700 5488 paululumque
1710 5420 1777 5489 quid
1792 5423 1901 5495 attingit
1919 5426 1946 5481 iu

1157 5511 1236 5567 terra,
1253 5512 1280 5557 ot
1294 5517 1402 5571 semper
1414 5519 1563 5574 properans
1582 5508 1617 5563 ad
1632 5510 1740 5567 excelsa
1765 5511 1884 5570 festinat.
1908 5516 1947 5571 bo

1156 5597 1253 5665 quibus
1267 5606 1295 5651 et
1317 5596 1379 5651 alibi
1401 5598 1501 5654 dicitur
1519 5618 1526 5654 :
1544 5620 1553 5654 ι
1568 5600 1684 5673 Lapides
1696 5612 1785 5662 saneti
1802 5608 1948 5663 volvuntur

1156 5704 1237 5759 super
1250 5697 1350 5743 terram
1364 5686 1457 5759 (Zuclr.
1471 5689 1521 5756 rx),
1532 5710 1541 5744 ι
1552 5707 1584 5748 ex
1597 5694 1697 5762 quibus
1711 5694 1860 5751 aedificatur
1869 5696 1948 5751 leru-

1158 5777 1240 5832 saleuv
1260 5777 1387 5832 emlestis.
1412 5775 1468 5833 lloc
1483 5780 1570 5850 ipsum
1584 5790 1650 5851 puto
1669 5783 1822 5854 siguificare
1835 5793 1864 5839 et
1880 5785 1947 5842 illul

1157 5870 1229 5940 quod
1249 5871 1274 5924 iu
1292 5870 1395 5940 psalmo
1417 5872 1540 5928 canitur:
1572 5894 1582 5926 ι
1597 5874 1654 5930 Vox
1670 5877 1779 5932 tonitrui
1792 5878 1829 5932 tui
1849 5878 1875 5933 itt
1888 5889 1946 5938 rota

1159 5960 1244 6035 (reat.
1257 5961 1373 6032 txxvvlu
1387 5962 1420 6017 Et
1434 5963 1496 6018 alibi
1513 5983 1519 6018 :
1535 5983 1544 6017 ι
1562 5965 1627 6033 Qum
1637 5966 1786 6022 inflammat
1800 5978 1886 6026 totam
1899 5989 1947 6027 na·

1160 6055 1272 6113 tivitatis
1287 6054 1390 6127 (locor.
1404 6057 1472 6128 vul.»
1488 6057 1553 6125 erae
1565 6058 1717 6115 testimonia
1734 6075 1815 6132 quem
1836 6078 1947 6124 sensum
