4500 6842
300 740 355 801 stt
621 736 652 792 Β.
672 732 798 789 nonant
818 719 927 786 tttbld
946 722 1104 783 asculen.
1121 718 1276 777 MDGUNT.
1297 715 1437 774 occubit
1457 714 1546 771 PARS
1564 714 1596 769 ii.
1872 710 1926 766 SSD

302 868 332 917 et
343 855 431 913 insilis
444 854 573 910 doctrinae
587 850 659 905 urtde
673 848 827 903 nutriantur
839 857 919 899 sensu
934 838 1048 911 parsuli,
1060 845 1088 891 et
1101 835 1127 898 Α
1140 841 1218 888 zatus
1229 838 1272 887 cst
1285 829 1453 886 renuntiaret
1468 836 1496 882 et
1507 826 1670 927 ostenderet,
1691 831 1719 879 et
1732 824 1773 879 slc
1790 821 1929 923 perlectus

303 948 357 1003 mel
372 941 554 1012 suaris'atque
566 937 721 1009 multiplicis
737 934 857 991 scientiae
870 932 942 987 unde
954 929 1088 985 satientur
1138 921 1284 976 secundum
1295 927 1401 988 tempus
1414 916 1500 1016 lactus
1516 915 1664 1014 predicare
1684 911 1858 1013 Drangelntum
1868 925 1927 966 em-

303 1034 439 1091 inteilcctu
463 1029 585 1102 perlecti.
601 1027 652 1095 Qui
663 1040 728 1096 ergo
747 1021 932 1093 hujuscemodi
947 1020 1018 1075 dona
1032 1017 1089 1071 Deo
1137 1012 1179 1082 pit
1188 1010 1215 1064 in
1233 1024 1287 1078 quo
1297 1008 1387 1063 omnis
1401 1014 1444 1062 est
1455 1014 1517 1059 tatae
1529 1012 1558 1058 ct
1567 1004 1723 1105 donationis.
1736 1000 1885 1104 penitudo,
1896 1008 1930 1103 et

303 1124 383 1180 ollert
395 1120 547 1176 cortniniom
570 1114 692 1188 spiritale
705 1116 733 1168 in
747 1113 827 1168 domo
840 1112 887 1166 Dei
906 1126 967 1166 cum
988 1108 1089 1163 Levitis
1138 1098 1352 1192 conversationis
1373 1095 1612 1162 retributionisque
1624 1108 1684 1161 qum
1698 1092 1742 1146 luc
1755 1090 1927 1194 argntdieavrt.

304 1214 377 1268 reris
389 1209 538 1266 ctadvcnis
552 1215 640 1277 potest
655 1204 828 1273 lacere,qnia
845 1210 944 1257 etcum
959 1197 1089 1254 ministris
1139 1188 1184 1244 llic
1206 1190 1287 1251 enim,
1310 1196 1338 1242 et
1356 1187 1425 1240 dabo
1443 1185 1515 1238 cobis
1539 1184 1653 1253 pluriam
1677 1182 1835 1252 temporibus
1860 1198 1930 1244 sess,

304 1304 352 1359 bei
363 1311 392 1357 et
406 1301 535 1355 tratribus
552 1298 608 1353 suis
624 1306 706 1366 atque
720 1310 780 1350 curn
794 1293 920 1349 entnttms
940 1290 986 1360 qui
1002 1303 1032 1344 se
1046 1288 1090 1342 in·
1139 1279 1205 1334 dicit
1216 1287 1305 1333 arrum
1319 1278 1430 1332 verbum
1443 1276 1491 1329 Dei
1505 1284 1534 1327 ut
1544 1282 1607 1376 pote
1623 1272 1789 1327 descenaens
1811 1272 1845 1326 de
1858 1272 1932 1328 ceto

303 1393 429 1464 telliguut
440 1392 466 1446 in
479 1392 532 1445 boc
545 1389 646 1444 mundo
666 1388 784 1443 aduenas
805 1400 865 1441 esse
881 1392 908 1439 ct
921 1381 1088 1453 peregrinos,
1140 1369 1244 1442 gratiae,
1257 1368 1291 1421 de
1302 1381 1355 1435 t1¹¹⁰
1366 1364 1517 1436 M⁰b⁵⁰⁸⁵ic
1526 1362 1727 1427 dixissemus,
1737 1361 1840 1426 coeium,
1853 1371 1877 1416 ⁶¹
1890 1361 1935 1417 ¹⁰-

304 1489 419 1560 dapibas
430 1487 560 1542 virtutum
574 1493 602 1539 et
617 1482 736 1539 scientim
755 1480 884 1551 spiritalis
902 1477 1016 1531 feliciter
1029 1473 1090 1528 rell·
1139 1476 1217 1559 ‘ilari
1230 1469 1253 1513 0²
1268 1458 1360 1557 “ddisti
1382 1466 1452 1556 ΨΜ
1474 1456 1551 1510 ΨΜ
1564 1471 1596 1509 ⁶²
1614 1470 1659 1508 ⁰7⁶
1678 1470 1756 1555 ”¹00f
1768 1462 1933 1553 Q‘Wfl'

304 1582 393 1638 cietur
418 1590 499 1651 atqne
525 1577 691 1649 implebitur,
718 1569 811 1642 sicque
842 1577 902 1640 post
927 1566 1089 1636 completum
1140 1544 1451 1649 ⁸¹⁶¹“bstfl'm0s0‘iufflm
1471 1560 1565 1598 mem·
1582 1542 1617 1597 ¹3¹
1638 1552 1799 1643 ‘imbibita
1814 1542 1933 1645 [ΨΜ

305 1682 411 1743 tempus
424 1670 546 1727 mortalis
571 1671 642 1734 vitre,
657 1669 722 1723 ‘Deo
737 1666 879 1737 largiente,
904 1663 1044 1733 perveniet
1058 1661 1091 1715 ad
1140 1655 1218 1694 “mm
1230 1651 1240 1689 ·’
1252 1637 1279 1692 ¹⁶
1299 1644 1341 1691 ⁰⁵²
1351 1650 1449 1740 corpus
1463 1643 1584 1737 nmirum
1601 1633 1701 1735 :leupus
1714 1647 1786 1735 ΨΜ
1798 1632 1863 1687 b⁰¹¹¹
1874 1632 1933 1736 fritb

305 1778 419 1833 regnum
431 1762 551 1827 coelcste,
567 1760 613 1815 ubi
636 1773 698 1813 curn
720 1757 822 1813 sanctis
844 1757 903 1828 ejus
917 1754 1052 1808 instabitur
1064 1753 1091 1805 in
1141 1741 1201 1784 ⁰¹¹¹⁸
1217 1735 1290 1791 ⁵⁰⁰¹·
1305 1734 1427 1792 ⁰³⁵⁸¹¹²⁵t
1443 1727 1587 1829 ⁵⁰Ds¹⁰¹³⁸v
1602 1726 1775 1829 ²D⁸¹¹¹¹⁰D²¹⁸·
1793 1723 1826 1777 ¹3¹
1846 1740 1936 1794 ΡΜ*

306 1860 456 1907 retemttm:
471 1852 528 1921 ipso
546 1856 692 1920 praestante
706 1846 821 1901 Domino
833 1851 925 1899 nostro
939 1841 1003 1897 lesu
1015 1840 1092 1896 Cltri·
1142 1821 1248 1874 ⁰fb⁰l³⁸
1270 1819 1449 1889 widemire
1465 1832 1532 1883 Sile,
1549 1826 1578 1885 ui
1590 1816 1765 1887 seimiimi
1787 1816 1933 1871 ifflssswlss·

304 1948 348 1995 sto
360 1940 406 2009 qni
422 1939 527 1993 visitet
546 1945 640 2008 regnat
656 1949 717 1991 cunt
731 1934 787 1989 Deo
800 1932 919 1988 Petreio
930 1929 1026 1985 smeuia
1039 1944 1090 1984 s'c-
1143 1920 1215 1978 mnis
1237 1909 1320 1980 litim
1332 1909 1527 2015 ‘ssfflbfudssbbli
1540 1909 1654 1978 limum
1666 1924 1754 1962 mm·
1773 1906 1859 2012 Diffi
1882 1922 1937 1962 ²¹¹·

305 2032 436 2087 caporum,
453 2030 548 2084 Amen,
1143 2013 1197 2060 tom
1212 2005 1299 2073 campi
1312 2010 1375 2058 sunt
1387 2016 1484 2056 animae
1504 2009 1602 2064 motus,
1617 2009 1720 2070 utpote
1734 2007 1859 2070 quisunt
1875 2015 1934 2055 mo-

586 2093 725 2154 iiObllle
741 2092 808 2149 xci.
1143 2097 1215 2150 tibus
1229 2094 1403 2163 intelligibilis
1416 2101 1515 2148 nostrae
1530 2100 1619 2159 terrae,
1631 2091 1757 2148 videlicet
1778 2093 1870 2147 carnis
1884 2107 1932 2147 su·

578 2202 604 2240 m
622 2199 710 2241 consu
725 2197 818 2238 resno.
1106 2172 1130 2232 Β
1143 2185 1290 2240 blimiotos.
1306 2183 1407 2237 ilerum
1421 2182 1493 2238 enim
1506 2181 1611 2237 tructus
1630 2190 1672 2237 ost
1682 2184 1794 2248 veritas,
1814 2182 1933 2253 iustitia,

538 2276 629 2331 Lectio
645 2275 706 2329 libri
725 2272 846 2329 Lenitiei.
1144 2277 1334 2340 mansuetudo,
1349 2275 1501 2345 compassio
1517 2282 1545 2329 et
1564 2274 1607 2329 itis
1627 2275 1735 2330 similia.
1752 2276 1937 2347 Apprebendet

341 2367 375 2424 ln
400 2369 489 2423 diebus
515 2368 566 2422 iliis
587 2367 654 2421 dicit
680 2366 806 2421 Dominus
823 2363 856 2418 ud
881 2363 988 2434 biopsen
1001 2379 1010 2417 :
1025 2360 1054 2417 st
1066 2363 1092 2415 in
1144 2358 1265 2420 messium
1279 2366 1375 2419 rosera
1385 2365 1554 2430 rindcmimn,
1568 2373 1592 2418 et
1605 2363 1734 2418 uindemio
1749 2366 1886 2435 occupabit
1895 2382 1934 2419 se⁴

306 2458 440 2531 praecptis
458 2459 522 2512 meis
537 2456 780 2520 ontbulnnetitis,et
795 2455 920 2509 nmudma
936 2465 1092 2509 meocusto-
1144 2464 1264 2509 utentem.
1281 2453 1349 2520 Quia
1373 2454 1446 2508 euim
1472 2454 1567 2508 tritura
1595 2460 1673 2508 terrae
1694 2453 1796 2525 colligit
1820 2453 1934 2522 iruclus,

306 2549 420 2611 dieritis,
435 2558 458 2602 et
472 2548 584 2618 feceritis
596 2565 638 2611 eo,
651 2546 719 2602 dabo
731 2547 800 2602 nobis
811 2544 925 2615 pluvium
938 2545 1094 2616 temporibus
1145 2546 1278 2601 vindemia
1292 2546 1420 2600 arborum
1440 2553 1513 2601 recte
1527 2545 1630 2600 tructus
1639 2546 1761 2616 corporis
1780 2547 1820 2602 ait
1832 2547 1937 2604 truetns

306 2640 373 2695 suis.
385 2636 420 2693 Et
432 2647 501 2692 terra
515 2639 601 2708 qiqnet
614 2638 729 2707 fructum
748 2653 835 2701 suum,
847 2646 871 2691 et
885 2637 967 2707 pomis
988 2637 1094 2690 arbores
1145 2636 1241 2690 animae
1253 2635 1482 2704 conprehendere
1494 2635 1551 2690 site
1561 2649 1693 2704 ocmrpare
1705 2635 1769 2703 quia
1781 2635 1833 2691 boc
1846 2637 1938 2691 maxi·

308 2728 485 2803 replebuntur.
502 2727 533 2781 m
559 2726 732 2798 apprehendet
750 2728 874 2782 menium
889 2728 985 2781 tritura
1005 2728 1101 2804 cindeffi
1146 2742 1197 2781 mat
1218 2725 1327 2795 quidem
1343 2724 1547 2785 benedictionis,
1572 2739 1625 2778 utto
1643 2724 1791 2794 eodemque
1814 2733 1941 2796 tempore

307 2819 399 2885 attium,
414 2828 438 2873 et
453 2818 580 2873 uindemio
599 2817 735 2887 occupabit
753 2827 912 2872 censentem:
927 2826 950 2871 et
962 2818 1095 2872 comeditis
1146 2816 1242 2872 stat-tte
1256 2824 1283 2869 et
1304 2814 1447 2869 teotradum
1463 2829 1562 2884 eorpus
1582 2822 1663 2883 atque
1676 2815 1793 2870 animam
1811 2816 1838 2870 in
1850 2818 1940 2872 virtu·

307 2925 399 2981 punem
411 2918 521 2964 cestrum
533 2907 560 2961 in
571 2907 719 2973 snturs‘tnte,
733 2916 757 2962 et
768 2907 863 2976 atque
881 2922 976 2976 poeste
994 2905 1096 2958 babitu·
1147 2910 1218 2964 tilnts
1230 2908 1379 2977 possidere.
1394 2905 1426 2959 Et
1441 2906 1536 2976 ubsque
1552 2922 1645 2975 pauore
1656 2906 1807 2961 dubitabitis
1820 2910 1848 2962 in
1865 2918 1937 2962 terra

308 2998 367 3051 bitis
379 2997 407 3050 in
417 3006 487 3051 terro
509 3006 603 3050 cestro.
624 2994 697 3049 Dabo
717 3012 807 3064 pacem
824 2997 851 3050 t'n
873 2994 970 3063 finibus
985 2994 1095 3057 sesti-iss
1146 3009 1240 3061 cestra,
1257 2998 1324 3050 dabo
1336 3013 1425 3067 parem
1440 2997 1467 3050 in
1477 2997 1573 3065 finibus
1585 2998 1683 3051 sends.
1699 2996 1728 3051 Si
1742 2998 1815 3052 entim
1835 3012 1937 3068 corpus

308 3086 443 3142 dormietis
461 3096 485 3140 et
503 3102 555 3140 non
578 3086 627 3140 erit
649 3085 693 3155 qui
715 3095 853 3140 exterrent.
868 3084 995 3153 Auserem
1012 3083 1095 3138 moins
1146 3090 1243 3145 stabile
1257 3088 1337 3142 luerit
1348 3090 1475 3142 etanima
1487 3086 1640 3154 fructificet,
1656 3092 1745 3144 securi
1760 3089 1788 3143 in
1803 3098 1876 3144 terra
1888 3106 1937 3145 no-

308 3179 412 3240 bestius,
429 3188 452 3231 et
465 3176 569 3248 gladius
579 3194 630 3231 non
639 3177 759 3231 transibit
773 3178 896 3231 terminos
910 3186 1015 3231 nestros.
1030 3173 1096 3229 Per·
1147 3186 1204 3235 stra
1217 3176 1409 3241 liabltabimus,
1422 3178 1487 3245 quia
1500 3191 1565 3231 caro
1577 3193 1631 3233 non
1654 3179 1820 3249 conmtpiscit
1840 3188 1940 3235 eontra

307 3268 450 3339 sequemini
463 3268 583 3321 ininsicos
606 3274 702 3322 cestros
721 3277 745 3321 et
758 3277 879 3321 corruent
893 3282 994 3321 eorum
1008 3266 1096 3331 cobis,·
1147 3270 1282 3339 spiritum.
1311 3267 1386 3323 Uinde
1407 3282 1458 3323 nee
1483 3268 1582 3324 beilum
1605 3283 1654 3339 per
1675 3278 1775 3324 terram
1800 3271 1939 3334 transibit,

308 3365 493 3428 persequentur
513 3356 626 3427 quinque
650 3356 682 3410 de
703 3357 794 3411 nestris
819 3367 920 3411 centum
932 3345 1058 3422 'alienon
1072 3366 1097 3412 et
1148 3376 1238 3432 neque
1251 3360 1360 3415 babebit
1374 3371 1477 3430 tempus
1493 3360 1519 3414 in
1534 3361 1732 3416 resurrectione
1744 3362 1938 3431 concupiscen-

307 3454 435 3501 centume
449 3446 520 3500 cobis
534 3445 622 3517 decem
641 3445 726 3500 nciliis
738 3460 748 3499 .·
762 3446 855 3502 cadent
870 3446 969 3501 inimici
980 3448 1057 3501 uestri
1067 3448 1095 3503 in
1148 3452 1258 3513 tiarum,
1271 3451 1416 3519 dequibus
1429 3449 1603 3513 aitlacobus,
1619 3451 1688 3505 nttde
1709 3451 1777 3506 belia
1789 3462 1813 3505 et
1828 3453 1888 3506 lites
1908 3454 1939 3506 in

307 3545 446 3608 conspeetu
459 3547 541 3591 cestro
553 3535 652 3607 qiudio.
668 3534 814 3608 despiciam
831 3553 873 3591 uos
890 3547 914 3592 et
928 3553 1040 3592 crescere
1052 3537 1093 3607 [n-
1108 3508 1132 3572 C
1146 3540 1228 3605 cobis,
1247 3556 1331 3594 nortae
1341 3541 1413 3603 binc,
1424 3555 1457 3593 es
1470 3540 1682 3610 concupiscentiis
1697 3542 1787 3596 restris
1801 3557 1862 3612 quar
1887 3544 1938 3597 sni·

307 3627 396 3693 cium,·
408 3625 656 3698 multiplicabimini,
670 3637 693 3681 et
706 3628 932 3698 firmabopnctum
951 3627 1092 3682 uobiscum.
1146 3630 1223 3687 litum
1242 3633 1271 3687 in
1285 3631 1407 3685 membris
1426 3631 1530 3694 nestris,
1550 3630 1651 3700 quibus
1671 3632 1814 3687 destructis
1827 3646 1883 3702 pax
1908 3632 1936 3688 ia

308 3711 455 3770 Comedetis
475 3715 652 3770 serenissime
671 3727 795 3784 ceterum,
811 3726 836 3772 et
855 3727 940 3771 uetere
964 3718 1036 3773 nonis
1050 3734 1096 3772 su-
1146 3729 1220 3776 terra
1232 3730 1326 3775 nostra
1339 3719 1397 3790 iege
1414 3719 1463 3775 Dei
1486 3719 1622 3775 refrenata
1644 3719 1805 3791 profligitur.
1820 3720 1857 3775 m
1875 3721 1937 3776 dor·

307 3806 512 3878 peruenientibus
521 3808 674 3878 projicietis.
694 3805 794 3863 i'onnm
802 3808 999 3866 tubernaculum
1009 3826 1095 3865 nuum
1146 3812 1242 3877 mistis,
1256 3811 1352 3880 inquit,
1369 3810 1396 3864 in
1420 3810 1604 3866 retributionis
1626 3820 1715 3866 autem
1738 3811 1830 3882 specie
1854 3812 1936 3868 ctiam

307 3900 335 3955 in
349 3900 435 3955 medio
449 3901 536 3967 uestri,
560 3910 584 3955 es
599 3901 764 3972 nouubjieiet
778 3902 924 3956 casurusne
939 3918 1007 3957 men.
1032 3902 1096 3956 dns·
1147 3903 1199 3959 boc
1213 3901 1353 3973 Scriptura
1374 3916 1451 3957 sacra
1470 3902 1569 3971 posuit,
1584 3901 1711 3957 domnitio
1730 3902 1812 3967 enim,
1827 3910 1860 3957 ut
1876 3911 1941 3973 pote

308 3982 404 4045 tutata
425 3992 493 4046 inter
506 4009 550 4047 ros
563 4001 588 4047 et
601 4009 645 4047 ero
666 4003 748 4048 nester
761 3992 842 4059 Deus,
857 4009 952 4064 sosque
965 3994 1037 4050 erilis
1049 4012 1096 4064 po·
1146 3992 1263 4061 tutides,
1284 4006 1357 4045 mors
1368 3998 1522 4046 sommium
1536 3990 1653 4046 (Destitit
1668 3990 1702 4044 El
1713 4007 1765 4045 ¹⁸⁰⁸
1775 3993 1835 4057 ⁶⁶¹2
1848 3992 1895 4062 φῖ
1905 4008 1938 4047 (3

308 4078 386 4151 pulus'
402 4097 485 4137 meus.
500 4080 557 4153 qu
572 4081 701 4137 Dominus
719 4082 788 4137 Dens
801 4091 892 4148 nester,
902 4084 947 4154 qui
960 4084 1040 4139 educi
1052 4101 1096 4140 sos
1146 4090 1216 4136 terro
1230 4090 1282 4134 ent.
1295 4079 1345 4148 Qui
1361 4081 1433 4135 enim
1447 4080 1488 4135 sic
1501 4080 1567 4135 risit
1578 4080 1804 4150 quemadmodum
1818 4080 1846 4135 in
1858 4096 1939 4152 supe·

309 4169 342 4223 de
358 4178 428 4225 terra
444 4169 630 4243 AEqpptiorum
656 4187 688 4226 ne
710 4172 839 4228 serviretis
856 4172 903 4239 eis,
917 4182 940 4228 et
963 4174 1007 4244 qui
1031 4190 1095 4229 cors·
1147 4170 1265 4227 rioribus
1292 4170 1394 4227 dicmm
1417 4179 1469 4236 est,
1494 4185 1547 4226 non
1571 4171 1682 4227 habebit
1701 4172 1747 4242 qui
1760 4184 1825 4227 eum
1837 4181 1940 4229 terrem

308 4258 491 4329 [regicotenns
505 4262 633 4316 cervicum
661 4273 803 4318 usurarum
822 4272 851 4319 ut
871 4264 1024 4320 incederetis
1037 4281 1096 4320 ere·
1147 4268 1269 4331 tempore
1296 4261 1402 4328 mortis,
1424 4276 1485 4332 qum
1510 4261 1588 4317 nobis
1614 4261 1740 4317 dormitio
1761 4269 1803 4318 est
1827 4272 1940 4334 proptor

308 4348 354 4414 cti,
373 4356 426 4403 etc.
1146 4370 1223 4425 spem
1237 4363 1403 4409 mortuorum
1416 4354 1631 4410 resurrectionis.
1648 4353 1707 4410 Non
1720 4354 1831 4411 babebit
1845 4363 1939 4412 autera

344 4436 483 4506 Qnomodo
496 4454 511 4492 a
525 4435 624 4495 iudeis
638 4438 805 4498 inveniemus
818 4445 973 4501 omnimodo
984 4448 1042 4504 baec
1054 4462 1097 4503 se·
1147 4445 1193 4516 qui
1203 4452 1348 4500 exterreat.
1360 4442 1431 4501 Nihil
1449 4446 1500 4501 sibi
1521 4446 1646 4502 conscius
1668 4446 1701 4502 de
1715 4461 1769 4517 qno
1789 4455 1939 4505 terreatur.

308 4528 426 4584 cundum
449 4526 566 4583 litteram
590 4528 710 4599 impieta,
725 4546 786 4586 cum
799 4532 875 4587 multi
889 4534 935 4590 bei
957 4536 1097 4606 prophetae
1147 4533 1274 4602 Anterum
1295 4531 1380 4588 mutas
1403 4534 1507 4600 bestias,
1526 4533 1650 4591 videlicet
1671 4535 1816 4592 daemones.
1842 4537 1940 4595 Batia

308 4615 492 4671 custodientes
508 4616 567 4687 ejus
579 4618 704 4671 mandata
718 4626 745 4674 ct
761 4619 787 4673 in
806 4622 947 4693 praeceptis
959 4621 1018 4693 citis
1037 4639 1097 4679 am·
1147 4624 1220 4678 enim
1233 4631 1296 4678 sunt
1308 4638 1342 4678 es
1356 4623 1437 4679 simili
1455 4623 1558 4679 malitia
1570 4625 1688 4694 primum
1705 4625 1775 4681 sicut
1796 4625 1939 4684 latentes:

309 4705 444 4772 balantes,
459 4705 486 4761 in
499 4706 583 4761 muita
599 4705 709 4762 luerunt
730 4706 875 4766 afflictione
886 4713 1023 4768 constituti
1048 4728 1098 4770 nec
1149 4714 1245 4770 deinde
1265 4722 1296 4768 ut
1318 4729 1452 4770 venenum
1470 4713 1639 4785 importabile
1651 4724 1679 4769 et
1691 4714 1863 4772 mortiferum
1887 4718 1941 4773 ba·

308 4813 405 4871 panem
418 4814 497 4855 suum
514 4813 575 4855 cum
590 4799 726 4865 satietate,
738 4800 785 4856 sed
802 4816 863 4857 cum
878 4811 997 4872 egestate
1010 4819 1099 4860 corne·
1150 4805 1253 4861 beritos.
1267 4803 1457 4876 Perseqnimini
1480 4806 1599 4861 ininsicos
1613 4815 1720 4862 uestros.
1743 4806 1802 4862 Non
1825 4818 1942 4878 possunt

309 4889 416 4955 derunt,
429 4889 654 4962 quemadmodum
667 4890 790 4947 Ezechiel
800 4892 844 4947 cui
857 4894 890 4949 ab
902 4894 960 4963 ipso
981 4894 1032 4950 hoc
1041 4895 1097 4952 Deo
1110 4881 1137 4941 Ῑ)
1148 4898 1220 4952 euim
1235 4907 1298 4953 ante
1309 4896 1407 4953 faeiem
1420 4912 1525 4964 eorum,
1544 4897 1590 4967 qui
1615 4898 1763 4953 secundum
1786 4897 1877 4971 legem
1901 4903 1942 4958 ri·

309 4988 473 5051 pracceptum
486 4987 528 5036 est
542 4999 549 5036 ε
564 4982 610 5037 sed
625 4992 654 5037 et
664 4981 815 5039 Paulusoos
825 4984 870 5054 qui
882 4984 910 5040 in
920 4986 979 5058 icge
993 4996 1020 5041 et
1032 4986 1097 5043 Pro·
1147 4994 1225 5051 runt,
1241 4995 1324 5043 stare.
1339 4985 1374 5041 m
1389 4996 1510 5042 corruent
1533 5003 1623 5041 coram
1647 4988 1726 5042 nobis.
1751 4987 1811 5056 Qua
1835 4992 1942 5047 morte!

309 5070 399 5140 plactis
413 5068 553 5139 justificati
568 5082 631 5127 sunt
644 5087 781 5144 exponens
799 5074 904 5130 dicebat
916 5092 924 5131 ι
938 5078 1097 5133 circuierunt
1148 5089 1262 5151 quaeest
1275 5080 1369 5150 utique
1383 5076 1572 5150 perjejunium
1588 5088 1616 5135 et
1625 5080 1785 5145 orationem,
1801 5081 1855 5139 boc
1866 5082 1942 5138 entim

310 5161 337 5213 in
361 5159 460 5215 melotis
485 5170 509 5215 et
526 5160 554 5214 in
570 5161 680 5232 pellibus
694 5163 819 5234 caprinis,
841 5165 983 5234 humiliati,
999 5167 1095 5239 afflicti,
1148 5171 1229 5227 modo
1252 5171 1340 5226 nostri
1363 5169 1544 5242 intelligibiles
1568 5171 1669 5226 inimici
1682 5172 1819 5228 demones
1845 5173 1942 5230 itttesi-

309 5249 402 5319 qnibus
417 5248 510 5320 dignus
522 5264 573 5303 non
594 5260 650 5304 erut
673 5252 797 5306 mundus.
820 5251 886 5308 iilud
906 5262 996 5310 autem
1012 5256 1098 5326 magis
1148 5268 1268 5326 munior,
1283 5268 1313 5313 ut
1327 5274 1496 5329 nequaquam
1512 5260 1582 5314 ultra
1595 5269 1689 5316 contra
1712 5275 1762 5316 nos
1774 5261 1883 5332 possint
1896 5276 1942 5319 ro-

310 5338 451 5392 intendere
464 5338 491 5393 in
509 5338 552 5393 bis
565 5353 626 5408 quse
640 5340 711 5395 dicta
724 5349 786 5396 sunt
799 5352 914 5413 oportet,
927 5346 990 5415 quia
1003 5355 1094 5402 custo·
1147 5350 1279 5405 viviscere
1292 5368 1299 5404 ι
1313 5331 1503 5420 Persequentur
1512 5351 1624 5421 quinque
1635 5351 1667 5405 de
1678 5350 1747 5405 nobis
1760 5362 1863 5405 centurn
1877 5351 1944 5408 utie-

310 5425 445 5481 clientibus
465 5425 512 5482 liei
539 5427 676 5493 mandata,
704 5429 813 5501 triginta
838 5433 1039 5491 benedictiones
1067 5436 1095 5491 in
1148 5440 1301 5505 nosrsive,
1323 5448 1352 5496 ut
1371 5439 1547 5513 Septuaginta
1570 5440 1774 5504 transtulerunt,
1809 5441 1942 5512 capella

310 5515 437 5586 prscsenti
455 5516 499 5573 lex
518 5519 619 5589 posuit.
638 5519 769 5577 Sicorim
786 5537 832 5580 eas
851 5540 963 5582 numero
976 5526 1096 5584 inuenies
1147 5530 1334 5601 quinquaqinta
1352 5542 1455 5585 ceratum
1480 5530 1574 5585 millio.
1598 5530 1797 5603 Quinquaginta
1822 5531 1943 5590 dicimus

310 5623 527 5679 unamquamque
538 5609 751 5668 benedictionem
766 5616 800 5671 ab
810 5616 861 5670 alia
870 5632 919 5688 per
930 5616 1096 5687 conjunctio·
1148 5618 1297 5696 spiritaiem
1318 5619 1466 5685 bominem,
1484 5621 1547 5690 quia
1561 5621 1604 5676 die
1623 5621 1797 5677 Pentecostes
1820 5621 1942 5693 Spiritus

310 5712 372 5753 nem
386 5696 414 5752 in
427 5697 595 5770 septuaginta
605 5701 723 5758 editione
734 5704 897 5772 discernens,
913 5708 976 5776 quia
991 5715 1031 5764 tot
1045 5725 1094 5764 an·
1148 5710 1180 5764 de
1194 5709 1262 5765 caelo
1275 5709 1423 5766 descendit.
1442 5710 1513 5781 Ergo
1524 5710 1655 5782 spiritalis
1674 5710 1717 5766 ille
1734 5711 1840 5781 qualem
1866 5711 1940 5768 Pau·

310 5804 405 5846 norunt
413 5791 532 5847 existens
542 5792 680 5860 Dominus,
690 5794 724 5851 de
735 5812 788 5866 quo
801 5799 838 5854 ait
847 5798 953 5866 Paulus,
966 5811 993 5855 ut
1009 5818 1097 5857 occur·
1147 5801 1189 5857 ius
1203 5801 1321 5866 dicebat,
1335 5800 1468 5872 spiritalis
1483 5812 1569 5858 nutem
1582 5803 1686 5873 indicat
1704 5804 1805 5869 omnia,
1817 5812 1841 5857 et
1855 5804 1942 5874 ipssa

311 5896 399 5936 renites
411 5895 500 5936 omnes
512 5882 539 5936 in
553 5883 788 5957 eimmperfectnm
800 5888 827 5941 in
846 5905 995 5944 mensnram
1010 5894 1096 5948 etatis
1148 5895 1250 5950 nemine
1261 5894 1401 5964 judicetur
1420 5910 1430 5949 :
1451 5894 1478 5951 id
1496 5903 1549 5960 ost,
1562 5897 1607 5966 qni
1623 5897 1764 5953 scientiam
1789 5896 1943 5966 perfectam

308 5970 478 6041 plenitudinis
487 5970 593 6037 Christi,
605 5974 679 6030 uenit
688 5976 722 6031 ad
735 5975 896 6048 baptismum
910 5990 1042 6051 quatenus
1053 5981 1097 6037 do·
1149 5984 1229 6039 ltabct
1244 5984 1277 6037 ad
1291 5982 1417 6038 subtilem
1431 5998 1598 6056 eorumquae
1622 5986 1725 6058 agenda
1747 5994 1813 6041 suut
1834 5986 1943 6044 discru-

312 6060 429 6120 nationis
437 6062 630 6134 perfectionem
639 6081 688 6139 per
705 6076 811 6125 sentem
821 6085 902 6141 quam
915 6072 1095 6145 agensbapti·
1148 6076 1261 6143 nonem,
1278 6074 1321 6132 bie
1335 6076 1458 6147 quamvis
1474 6076 1592 6134 santum
1610 6079 1769 6146 scamium,
1785 6076 1862 6135 serbi
1876 6093 1941 6151 gra-
