4500 6842
306 625 357 678 ato

610 621 640 673 tt.
663 617 785 673 trabant
807 616 915 700 bilbili
934 611 1093 668 nttctttt'P.
1113 608 1267 667 MOGUNT.
1288 603 1429 663 orendil
1448 604 1538 660 PARS
1555 603 1586 658 ss.

1882 596 1933 653 930

304 748 334 787 se
353 730 415 785 boui
435 727 535 800 aliquid
558 745 610 781 nnn
625 735 707 797 prrtat.
736 725 810 780 Unde
826 725 869 777 bie
884 738 990 793 qrrrtune
1002 721 1089 774 adlme
1104 723 1127 781 Α
1141 717 1250 783 uicere,
1273 716 1392 786 leprosos
1415 713 1557 779 mundare,
1583 714 1714 767 riaernonia
1730 712 1845 781 ejicere,
1862 720 1934 766 tacu

305 831 366 890 apte
377 818 545 890 sulrjungitur
559 836 565 869 ι
577 837 585 866 ι
597 813 728 870 Similiter
741 821 829 868 autem
845 818 921 866 erant
932 823 960 864 et
971 809 997 863 in
1008 806 1090 862 resti-

306 912 375 966 bulis
392 909 515 965 terrestre
536 922 584 978 per
607 920 702 975 gyrum
727 905 897 958 intrinsecos.
923 895 1089 967 »Postquam

304 1002 373 1057 dixit
387 1019 395 1052 ι
411 997 543 1053 lernestras
556 998 583 1051 iu
597 996 742 1060 frontibus,
757 1015 766 1047 ι
792 992 913 1062 artjnngit
935 1009 944 1040 ι
959 987 1090 1042 fenestras

305 1095 331 1148 in
351 1090 488 1145 restibulis
507 1102 662 1160 pergyrum
678 1085 874 1139 intrinsecus.»
897 1079 965 1146 Quia
981 1093 1033 1132 non
1048 1091 1090 1129 so-

304 1186 358 1235 lnm
372 1181 426 1234 alta
446 1187 546 1234 sancte
556 1176 685 1231 Ecclesia
703 1174 906 1241 merulamque
920 1167 1092 1240 proeminent

302 1272 402 1326 babent
417 1264 650 1337 contemplationis
663 1263 788 1334 gratiam,
808 1261 854 1315 sed
867 1259 1026 1329 plerurmpre
1039 1257 1091 1310 lto'c

302 1364 402 1415 stonum
413 1357 494 1412 etiam
514 1355 557 1410 iila
580 1355 700 1410 rnernbra
717 1352 878 1423 pmeipimu,
900 1364 960 1420 quar
971 1349 1020 1403 etsi
1034 1346 1090 1415 jam

303 1466 350 1520 per
375 1447 538 1503 desiderium
563 1446 596 1498 ad
621 1460 725 1498 sururua
750 1444 883 1508 enrieant,
899 1450 988 1496 tamen
1004 1439 1092 1493 atllrue

301 1558 350 1612 per
364 1539 481 1595 ollieium
495 1538 521 1592 in
541 1538 595 1591 imo
605 1536 706 1604 jareent.
732 1534 787 1590 Nisi
803 1535 914 1588 enimet
933 1534 976 1588 bis
989 1535 1034 1600 qui
1046 1533 1091 1587 de-

302 1632 387 1703 spreti
400 1629 533 1694 ridentur,
551 1628 722 1698 orunipotens
736 1627 805 1680 [lens
819 1625 908 1679 lunten
925 1621 1092 1692 contempla-

303 1725 383 1778 tionis
395 1721 556 1786 infunderet,
569 1719 693 1774 terrestre
704 1719 730 1773 in
741 1717 882 1773 restibulis
898 1734 950 1797 ιιιιιι
964 1717 1088 1771 luissent.

303 1817 429 1872 Videmus
443 1816 532 1885 itaque
547 1812 614 1867 aiios
628 1812 656 1865 in
671 1810 783 1864 summis
804 1808 870 1863 loris
884 1817 983 1862 sanctae
999 1807 1090 1862 Eccle-

302 1910 348 1963 sim
375 1906 534 1962 constitutos
556 1902 609 1957 alta
628 1901 661 1957 de
681 1901 835 1955 cuxlestibus
851 1899 937 1970 loqni;
954 1900 1022 1953 miro
1034 1908 1091 1954 stn-

301 1999 346 2052 dio
366 1998 391 2051 in
416 2004 544 2066 quantum
572 1993 703 2048 illustrata
729 2008 804 2045 inens
831 1988 943 2052 sutor-tt,
969 2006 1090 2060 superum

1140 809 1314 879 egritudines
1326 823 1468 877 contorum
1481 809 1583 877 fugare,
1597 804 1747 876 propbetire
1757 802 1857 873 spiritu
1870 814 1934 857 retr·

1142 912 1200 956 tma
1215 902 1369 973 praedicere.
1394 900 1496 954 Cuncta
1521 901 1612 969 itaque
1633 899 1692 952 bae
1706 895 1828 951 necdum
1840 892 1934 962 palme

1140 1000 1213 1054 strut,
1228 991 1275 1044 srrt
1291 991 1377 1043 arllrne
1402 990 1506 1060 pictura
1526 990 1686 1059 palmarum.
1716 985 1786 1039 Nam
1809 985 1869 1038 larue
1886 981 1934 1037 ali·

1141 1083 1248 1151 qrramlo
1267 1082 1366 1134 dantur
1387 1088 1415 1133 rt
1433 1080 1570 1150 reprobis,
1593 1079 1663 1133 uude
1687 1091 1737 1148 per
1758 1072 1933 1143 Erangdinm

1143 1173 1247 1227 Veritas
1260 1171 1325 1225 dicit
1344 1169 1419 1239 (bur.
1434 1170 1514 1241 mul:
1534 1189 1542 1222 ι
1557 1169 1631 1224 liniti
1655 1168 1748 1222 dicent
1762 1165 1832 1220 mibi
1850 1165 1878 1217 in
1891 1162 1934 1219 itta

1141 1264 1195 1328 die,
1210 1263 1331 1318 lloruine.
1349 1262 1477 1326 Daritim,
1489 1263 1614 1316 nonncin
1632 1260 1742 1315 nomine
1755 1266 1806 1313 too
1819 1256 1934 1327 propbe-

1146 1355 1278 1415 tarimns;
1294 1362 1321 1407 et
1340 1355 1366 1408 in
1380 1353 1487 1407 nornine
1501 1360 1546 1406 tuo
1557 1352 1687 1407 rlzrmonia
1700 1351 1853 1421 ejecimus3
1868 1348 1933 1405 etio

1143 1456 1189 1499 tuo
1201 1442 1309 1497 nomine
1332 1444 1446 1497 virtutes
1469 1442 1567 1497 mrrltas
1577 1440 1709 1496 lecimus?
1723 1440 1755 1495 Et
1772 1437 1932 1495 tunceonfl·

1144 1536 1219 1590 tebor
1240 1535 1292 1590 illis
1310 1537 1372 1605 orria
1397 1550 1532 1605 nunqnam
1548 1536 1609 1591 nori
1632 1549 1679 1589 ros
1693 1549 1701 1587 τ
1717 1532 1855 1588 discutite
1867 1546 1881 1586 a
1894 1547 1934 1585 me

1142 1627 1187 1695 qni
1208 1626 1357 1697 operamini
1386 1628 1592 1696 iniquitatem.»
1622 1626 1710 1682 Unum
1740 1640 1809 1680 sero
1833 1625 1933 1693 signnm

1141 1717 1280 1771 electionis
1302 1725 1343 1771 est
1368 1716 1490 1771 soliditas
1509 1715 1668 1779 eharitatis,
1699 1716 1773 1769 sicut
1807 1713 1933 1782 scriptum

1142 1814 1203 1861 est:
1222 1826 1232 1855 ι
1247 1807 1274 1860 Ιιι
1289 1806 1340 1860 boe
1352 1806 1454 1861 scietur
1465 1806 1527 1875 qnia
1541 1805 1595 1859 mei
1610 1803 1734 1873 discipuli
1751 1803 1840 1867 estis,
1854 1802 1877 1857 si
1893 1801 1932 1854 dr-

1143 1898 1284 1953 lectionem
1298 1897 1446 1952 balumritis
1471 1898 1634 1952 adinvicem
1653 1895 1744 1964 (doun.
1764 1893 1934 1966 stultitiae

1143 1996 1232 2042 autem
1258 1987 1386 2042 miracula
1401 2004 1463 2043 cmn
1475 1988 1553 2043 electi
1572 1986 1681 2050 tactam,
1702 1986 1786 2057 longe
1801 1984 1933 2040 dissimili·

301 2087 395 2157 patrim
409 2093 512 2139 secreta
530 2082 633 2138 rimari
658 2081 793 2135 Fenestruu
812 2088 875 2134 snnt
896 2081 922 2133 in
940 2080 1083 2136 truntibns.
1103 2073 1123 2130 ll
1139 2088 1181 2133 ter
1194 2096 1208 2133 a
1223 2079 1343 2149 reprobis
1358 2078 1467 2134 laetum.
1482 2076 1551 2145 Quia
1565 2080 1636 2147 qnod
1650 2076 1728 2133 ‹leeu
1742 2093 1778 2132 ex
1795 2076 1934 2139 charitate,

303 2174 357 2228 lllii
380 2189 444 2229 tero
464 2175 490 2226 in
509 2179 609 2226 sancte
631 2169 751 2225 eeclesiae
772 2171 831 2224 sinu
856 2171 1043 2235 eontinentur,
1063 2180 1090 2223 et

303 2265 423 2336 despecti
440 2264 565 2319 luntianis
585 2262 671 2317 oculis
686 2262 822 2324 ridentur,
846 2261 892 2314 sed
911 2261 980 2331 apud
1005 2277 1034 2315 se
1046 2276 1089 2315 sn-

302 2356 409 2429 pientire
425 2354 520 2410 studiis
534 2358 629 2408 natant
649 2372 654 2405 :
670 2353 703 2405 ad
724 2351 844 2405 coelestia
860 2350 986 2405 anbelant
998 2358 1088 2419 ratque,

302 2449 473 2516 inquantum
489 2442 717 2514 {tractabatque
731 2441 784 2495 siut
805 2441 901 2511 gaudia
915 2450 1014 2495 :eterna
1027 2457 1090 2495 earu-

302 2539 432 2593 siderant.
453 2535 590 2590 terrestre.
604 2534 820 2604 itaqueoblitprm
833 2543 893 2588 sunt
910 2535 975 2588 :sed
999 2536 1025 2588 in
1048 2535 1089 2589 bis

303 2629 343 2685 sol
367 2646 419 2684 non
443 2638 492 2683 est.
518 2629 589 2683 liene
610 2635 699 2681 autern
722 2627 821 2681 dieitur
837 2644 882 2697 per
894 2643 986 2697 pyrum
1003 2642 1010 2677 :
1026 2629 1088 2697 qnia

302 2723 390 2778 ornnis
414 2721 551 2792 inquisitio
576 2727 741 2775 secretarum
771 2733 860 2771 rernm
886 2732 978 2789 gyrum
997 2717 1088 2784 babet,

301 2816 364 2873 dum
379 2816 405 2871 in
426 2814 589 2886 cogitatione
602 2828 649 2866 sua
661 2811 726 2867 dicit
747 2810 871 2865 animus:
887 2809 1004 2864 Prnnsne
1018 2809 1090 2865 boc?

303 2914 417 2975 putasne
435 2904 499 2958 illud
524 2903 583 2956 est?
605 2902 687 2969 Quasi
713 2901 810 2956 circuit
834 2908 862 2953 ιιι
884 2899 1004 2954 inueniat
1018 2901 1088 2969 qnnl

302 2995 408 3066 irruerit.
427 2991 475 3046 Cui
491 3007 551 3044 enm
564 2990 823 3061 incircumscriptum
841 2990 930 3043 lumen
948 3004 1089 3058 erumpere

304 3087 330 3138 in
343 3083 479 3156 agnitione
491 3082 614 3152 eoeperit,
629 3081 705 3151 quasi
729 3094 777 3150 per
791 3079 927 3149 obliquam
942 3074 1087 3133 fenestram

1142 2171 1193 2227 boc
1213 2172 1320 2241 reprobi
1342 2172 1450 2227 student
1470 2186 1549 2243 agere
1570 2187 1619 2241 pcr
1639 2170 1789 2225 elationem
1804 2186 1811 2225 :
1825 2168 1872 2223 sed
1886 2167 1933 2222 eis·

1142 2267 1203 2320 dem
1217 2264 1311 2321 electis
1324 2273 1351 2321 et
1363 2266 1418 2335 ipsa
1429 2265 1497 2319 mira
1512 2278 1573 2333 quaa
1585 2260 1810 2333 perr-baritutem
1825 2258 1931 2322 iaciunt,

1141 2378 1193 2416 uon
1206 2361 1262 2429 jam
1285 2361 1381 2433 palme
1395 2368 1469 2424 sunt,
1490 2358 1537 2412 sed
1552 2356 1640 2411 adbuc
1654 2355 1762 2425 pluma
1776 2352 1933 2423 palmarum,

1144 2451 1207 2520 qnia
1221 2449 1256 2505 de
1268 2449 1308 2504 eis
1320 2448 1386 2504 loris
1400 2447 1562 2510 ostenditur,
1579 2444 1673 2515 quales
1685 2442 1758 2513 apud
1772 2441 1935 2509 omnipoten-

1144 2551 1197 2594 tem
1226 2539 1367 2594 nominum
1387 2538 1458 2592 intus
1481 2536 1640 2591 habeantur.
1667 2532 1707 2586 lbi
1722 2526 1932 2597 arrtemeispal·

1141 2651 1182 2687 ma
1201 2636 1260 2697 crit,
1279 2634 1323 2688 nbi
1344 2632 1401 2701 jam
1416 2631 1511 2686 mortis
1537 2628 1674 2685 contentio
1701 2642 1757 2680 non
1784 2626 1848 2679 erit.
1872 2622 1932 2678 iiam

1140 2726 1299 2797 praedicator·
1330 2723 1453 2796 egregius
1484 2729 1547 2776 tune
1576 2718 1681 2789 asprarit
1704 2717 1827 2788 palmam
1849 2730 1933 2770 reram

1140 2815 1307 2872 uincentibus
1323 2815 1390 2878 ιΙιιιῑ,
1406 2830 1467 2869 eum
1481 2810 1708 2867 resurrectionem
1723 2806 1853 2877 praeridit
1870 2821 1933 2860 mor·

1140 2916 1245 2961 tuorum
1268 2904 1326 2959 beri
1344 2905 1413 2959 sient
1426 2902 1510 2958 dicit:
1529 2900 1661 2971 «Oportet
1674 2898 1749 2952 enim
1764 2895 1933 2966 corruptibile

1141 3001 1191 3054 lme
1208 3000 1320 3053 imluere
1340 2996 1577 3068 incorruptionem,
1594 3003 1621 3051 et
1634 2993 1750 3049 mortale
1765 2994 1818 3048 boe
1831 2992 1933 3047 iuduere

1140 3091 1380 3155 immortalitatem,
1405 3097 1468 3143 tnm:
1489 3086 1535 3142 bet
1558 3100 1648 3141 sermo
1668 3086 1715 3155 qui
1737 3083 1857 3152 scriptus
1870 3088 1932 3136 est:

305 3173 395 3228 radius
409 3171 530 3226 ueritatis
544 3172 625 3225 verrit.
648 3169 693 3225 Sic
710 3169 810 3240 quippe
828 3170 854 3222 in
866 3167 1089 3237 contemplatione
1139 3183 1271 3252 gggffl-pgg
1297 3191 1339 3237 051
1360 3194 1433 3234 „10ss
1459 3179 1485 3233 j„
1508 3177 1630 3232 victoria,
1653 3174 1705 3231 [tgr
1725 3182 1870 3231 0311„on
1895 3171 1935 3225 gr.

304 3272 395 3317 nostra
408 3261 491 3316 multa
502 3260 709 3332 cogitationibus
721 3259 911 3315 circumeundo
920 3257 1087 3328 perimimus:
1138 3276 1222 3328 cmg„
1235 3276 1301 3328 tna?
1313 3273 1357 3327 „gg
1371 3281 1413 3327 „gg
1425 3270 1548 3326 sumptus
1560 3269 1640 3323 „msa
1653 3266 1679 3339 (ι
1691 3266 1756 3320 cof,
1771 3265 1827 3333 u.)
1840 3286 1849 3319 ,
1864 3263 1936 3320 Tum

303 3355 372 3409 sieut
384 3350 505 3421 exemplu
520 3351 650 3406 bonorum
667 3364 737 3417 saepe
751 3348 905 3418 nomionis,
922 3355 950 3401 ut
964 3346 991 3400 in
1007 3345 1088 3400 rnori-
1138 3380 1202 3436 (ψ,
1225 3364 1277 3420 erp
1296 3362 1412 3433 pegma
1428 3361 1547 3422 ,5010pr
1573 3375 1634 3414 cnm
1660 3372 1736 3413 mors
1760 3357 1838 3429 ‘pene
1860 3353 1934 3410 pmii

304 3455 353 3499 trus
367 3441 548 3513 proficiamus.
579 3440 645 3493 Nam
664 3456 723 3494 euru
743 3437 798 3506 jam
819 3441 918 3510 rogitat
935 3439 1039 3493 animus
1053 3430 1122 3491 adi]
1139 3459 1274 3527 3150,ng

305 3534 414 3590 meliora
443 3533 574 3599 transire,
594 3531 723 3602 quidquid
746 3530 840 3585 nrclins
861 3530 894 3584 de
915 3529 975 3584 aliis
995 3528 1088 3582 audire
1183 3545 1344 3600 ,ggpguxp
1357 3561 1399 3597 mg
1417 3544 1450 3597 ag
1464 3541 1707 3596 autumem-ius,
1728 3539 1763 3594 Er
1783 3555 1847 3595 ecce
1861 3551 1934 3608 gazo-

305 3626 405 3697 possit,
429 3625 547 3695 exorabit
560 3645 566 3678 ι
580 3641 649 3679 nnnc
675 3622 763 3692 lnrjns,
783 3638 854 3677 nunc
878 3623 961 3678 sancti
978 3619 1088 3675 alterins
1145 3655 1153 3686 .
1171 3634 1295 3705 phy-racia
1314 3643 1342 3688 01
1360 3632 1543 3704 pavimentum
1557 3638 1672 3684 stratum
1687 3629 1779 3699 lapide
1797 3630 1825 3683 in
1841 3627 1932 3681 atrium

306 3719 389 3775 vitam
403 3716 523 3774 uentilat.
554 3717 630 3773 L'nde
650 3717 790 3771 etelectus
804 3714 922 3784 qnidam,
939 3714 983 3783 qui
999 3713 1025 3766 in
1039 3726 1087 3766 ex·
1144 3746 1153 3776 r
1170 3742 1218 3796 pgr
1229 3725 1374 3779 circuitum
1387 3742 1394 3776 :
1409 3721 1518 3794 triginta
1528 3719 1718 3792 gazophylacia
1733 3719 1761 3773 in
1773 3719 1933 3786 circuitori-

305 3824 390 3883 panso
403 3807 463 3863 sinn
480 3816 580 3863 sanctae
591 3807 721 3872 treelesiaa,
736 3822 783 3876 per
798 3805 949 3859 unirersnm
961 3802 1088 3858 mnndum
1145 3837 1153 3869 ,
1171 3806 1931 3886 ,gumnggggpapjmgnfflmpnsfongepofggmmfflgpnp.

307 3886 406 3939 trientis
421 3885 513 3939 oeulos
534 3885 645 3938 miserat
660 3884 791 3937 bonorum
805 3884 887 3937 vitam
910 3884 942 3939 ad
963 3884 1092 3943 imitatio·
1145 3931 1153 3960 ,
1172 3908 1237 3963 pius,
1245 3908 1277 3962 gg
1287 3914 1443 3963 mensusesr
1451 3902 1723 3959 taittiiuinemaiaeie
1734 3909 1821 3972 portae
1831 3897 1931 3955 inferio

307 3991 367 4028 nem
383 3975 536 4045 requirens,
552 3974 677 4028 dieelrat:
697 3995 705 4024 ι
722 3973 848 4029 Cireulbo
861 3984 893 4028 ct·
904 3975 1047 4031 immolabo
1065 3978 1092 4033 in
1145 4020 1154 4052 ,
1177 3987 1949 4068 gs„squeagspmremaifiiinteriorisextrinseeusoen·¹

306 4068 481 4123 tabernaculo
495 4070 553 4138 ejus
567 4070 683 4124 bostiam
695 4070 863 4137 Jrrbrlatroms
876 4071 961 4142 (Prot.
982 4072 1066 4144 xxrr).
1081 4091 1090 4125 ι
1145 4111 1154 4141 ,
1174 4097 1229 4144 gum
1245 4087 1351 4142 numios
1367 4086 1400 4140 ad
1411 4085 1543 4140 orientem
1556 4091 1584 4136 ot
1596 4081 1630 4136 ari
1645 4081 1813 4150 aquilonem.
1837 4076 1931 4150 tillie-

307 4155 385 4218 Erre,
397 4169 426 4211 nt
436 4159 764 4229 immularetjubilationis
780 4160 893 4214 bostiam
908 4162 1069 4219 circumibat
1085 4205 1091 4216 .
1144 4177 1215 4249 m)
1235 4178 1283 4232 vif
1294 4191 1359 4247 ergo
1373 4176 1417 4229 ilie
1433 4174 1479 4244 qui
1496 4172 1613 4228 babebat
1626 4170 1778 4226 l'uniculutn
1793 4178 1930 4225 eumeni*-

306 4246 368 4313 rpria
391 4246 443 4299 nisi
467 4247 584 4301 animum
608 4248 660 4303 bne
682 4249 797 4319 illucque
813 4250 846 4304 ad
858 4252 994 4327 bonorum
1011 4254 1097 4326 ritant
1144 4268 1245 4322 storum
1260 4268 1286 4320 ῑῃ
1304 4281 1384 4321 mano
1401 4272 1429 4319 et
1443 4263 1575 4318 calamum
1588 4275 1736 4326 mensurae,
1752 4266 1781 4316 et
1798 4258 1885 4314 stellet
1904 4257 1927 4310 ἰν

306 4336 498 4404 exquirendam
516 4339 643 4401 mitteret,
661 4340 716 4408 ipse
735 4355 818 4409 usqae
829 4342 862 4395 ad
872 4341 1039 4410 jubilationis
1050 4360 1091 4398 sa·
1145 4365 1231 4427 pona,
1249 4357 1319 4410 inter
1332 4363 1429 4410 colera
1443 4369 1502 4424 qnae
1516 4353 1655 4423 propbeta
1669 4350 1842 4406 monstrabat
1856 4363 1927 4418 ispe·

306 4423 438 4478 rridclum
459 4439 511 4477 non
525 4427 687 4493 perveniret.
703 4428 769 4482 Cnrn
782 4445 845 4483 rero
858 4434 942 4486 saneti
957 4433 1006 4486 riri
1022 4434 1092 4487 intra
1144 4446 1197 4499 crui
1211 4453 1270 4515 post
1288 4446 1385 4499 atrium
1405 4442 1542 4514 sexaginta
1554 4442 1720 4506 cubitorum,
1731 4450 1760 4496 et
1770 4440 1844 4495 aliud
1855 4439 1929 4494 resti-

307 4512 454 4569 Ecclesiam
473 4515 508 4569 ad
525 4516 582 4570 loea
605 4533 708 4571 summa
725 4519 914 4588 perducuntur,
930 4537 1023 4577 eornm
1038 4525 1092 4579 rita
1145 4536 1236 4591 imiimi
1259 4545 1342 4607 port-11,
1365 4536 1502 4589 interioris
1519 4534 1591 4603 quod
1611 4532 1722 4588 tenebat
1743 4532 1927 4603 quinquaginta

306 4605 383 4673 rprasi
398 4606 425 4659 ln
434 4606 541 4675 speculo
551 4607 669 4677 ponitur,
686 4620 713 4662 ut
727 4612 815 4664 cuncti
829 4612 936 4668 rideant
951 4613 1020 4669 bona
1033 4631 1093 4686 quae
1145 4626 1260 4692 comtos,
1278 4626 1370 4679 edrrxit
1387 4625 1544 4695 prophetam
1559 4624 1593 4677 ad
1607 4624 1708 4677 atrium
1730 4623 1860 4687 exterius,
1879 4624 1930 4677 rire

306 4697 422 4754 timeam
435 4698 544 4752 mnam
562 4697 782 4755 ultenatum
799 4709 860 4771 apte
879 4704 1018 4759 santum:
1035 4728 1044 4757 ι
1060 4708 1092 4761 m
1491 4698 1493 4701 ’

305 4796 373 4842 anto·
383 4787 485 4843 frontes
500 4790 603 4859 pictura
619 4790 778 4860 palmarum.
800 4812 808 4842 r
826 4793 895 4859 Quid
910 4809 959 4863 per
974 4795 1090 4864 palmas,

306 4878 356 4932 uisi
371 4880 480 4948 premia
496 4879 616 4935 victoria
629 4881 824 4952 designantur?
838 4883 904 4952 lpse
921 4886 1020 4957 qnippe
1034 4887 1092 4942 dari

305 4968 425 5023 victorie
440 4970 536 5025 soient.
548 4970 625 5027 Unde
635 4974 667 5027 de
678 4974 721 5028 bis
732 4990 821 5045 nunqu
833 4996 838 5009 =
849 4977 895 5045 qni
909 4977 934 5031 in
946 4980 1093 5035 certamine

306 5058 427 5128 martyrii
442 5060 581 5128 antiquum
599 5062 704 5118 bostem
721 5065 851 5129 uicerant,
868 5067 961 5137 etiam
977 5068 1094 5124 victores

306 5149 332 5201 in
349 5148 436 5216 patria
455 5151 617 5219 gaudebant,
634 5153 765 5224 scriptum
778 5164 819 5210 est
832 5175 837 5208 :
852 5176 861 5206 ι
880 5156 1020 5212 Palmaria
1038 5175 1093 5213 ma·

306 5238 385 5291 uibus
405 5249 508 5305 eorum,
525 5249 552 5294 et
566 5239 720 5299 clamabant
740 5259 806 5299 voce
828 5261 924 5316 magna
949 5248 1092 5304 dieentes:

305 5326 383 5383 Salus
395 5330 450 5384 Deo
461 5340 562 5394 nostro¹
579 5334 625 5401 qni
639 5336 713 5389 sedet
728 5352 810 5406 snper
823 5338 962 5403 tbrmuun,
975 5349 1002 5395 et
1016 5340 1094 5411 Agnu

305 5420 398 5491 (Aper.
414 5421 473 5493 nr).
490 5442 499 5473 ι
515 5422 623 5479 Palmas
637 5426 734 5495 quippe
748 5428 775 5480 in
792 5428 916 5482 manibus
930 5430 1039 5496 babere,
1053 5441 1094 5485 est

303 5520 431 5573 lictorius
444 5519 470 5573 in
486 5520 645 5590 operatione
665 5522 807 5576 tenuisse.
830 5521 907 5590 enjns
928 5526 1094 5594 operationis

303 5607 392 5677 pabna
405 5609 441 5664 ibi
456 5609 596 5674 tribuetur,
609 5611 653 5665 ubi
662 5610 782 5679 janrsine
791 5614 940 5669 certamine
951 5600 1092 5684 gaudetur.

304 5698 380 5754 Unde
394 5699 438 5754 lric
453 5715 506 5754 non
520 5701 628 5766 dicitnr,
649 5701 745 5769 palma
762 5712 826 5758 ante
839 5703 952 5771 frontes,
968 5705 1091 5760 sedante

209 5793 212 5799 '
307 5790 409 5846 irontes
422 5792 526 5863 pictura
542 5794 703 5865 palmarum.
718 5795 755 5849 lbi
770 5797 842 5851 enirn
856 5798 969 5853 rietoria
986 5797 1090 5855 ridebi-

308 5890 360 5945 tur,
377 5881 422 5936 ubl
439 5880 496 5950 lam
516 5884 575 5938 sine
589 5881 642 5939 bne
655 5884 825 5955 garulebitnr.
852 5887 918 5943 Nam
934 5889 1095 5958 plerumque

305 5979 422 6026 sanetus.
430 5972 502 6031 riros
516 5974 662 6045 aspicimus
676 5977 743 6032 mira
763 5993 852 6052 agere,
865 5981 978 6036 virtutes
996 5979 1095 6037 multas

1146 4726 1176 4771 ut
1186 4717 1213 4769 in
1221 4715 1396 4786 Septuaginta
1408 4716 1571 4780 continetur,
1583 4715 1735 4770 introduxit
1744 4716 1778 4771 ad
1787 4714 1884 4770 atrium
1894 4714 1928 4767 iu·

1146 4809 1239 4863 terius.
1252 4806 1378 4877 Satisque
1391 4808 1476 4860 miror
1492 4806 1569 4875 justa
1588 4805 1707 4861 litteram
1719 4816 1748 4861 ct
1760 4805 1926 4877 Septuaginta

1144 4897 1279 4967 quoruodo
1299 4905 1360 4965 post
1377 4896 1511 4950 exteriora
1533 4894 1595 4947 atrii
1622 4896 1797 4966 septuaginta
1811 4904 1839 4951 et
1857 4894 1927 4965 quin·

1146 4988 1273 5059 quaginta
1290 4987 1395 5041 cubitos
1413 4987 1541 5051 tenentia,
1561 4985 1675 5040 interius
1685 4985 1723 5040 sit
1738 4986 1850 5053 atrium,
1864 4981 1925 5055 poi

1146 5080 1173 5132 in
1187 5077 1327 5132 latitudine
1352 5084 1458 5131 centnm
1481 5076 1633 5130 cubitorum
1658 5076 1789 5130 tendatur
1817 5074 1923 5146 spatiis:

1146 5167 1197 5222 nisi
1213 5165 1281 5220 iorte
1292 5163 1369 5233 juxta
1383 5166 1511 5236 mysticos
1521 5165 1684 5231 intellectus,
1697 5174 1726 5221 et
1742 5163 1879 5235 proiectos
1890 5165 1924 5219 iu·

1145 5256 1321 5327 gradientium
1344 5271 1404 5325 qum
1426 5255 1553 5311 interiora
1574 5256 1601 5310 in
1618 5255 1754 5312 doctrinis
1768 5258 1876 5321 luerint,
1889 5257 1921 5310 u

1147 5349 1215 5401 tiora
1227 5348 1289 5401 sint.
1302 5345 1470 5401 introductus
1484 5355 1574 5402 autem
1587 5347 1614 5401 in
1627 5347 1728 5402 atrium
1741 5348 1865 5414 interius,
1875 5347 1925 5403 sire·

1145 5438 1242 5499 duetus
1254 5436 1286 5489 ad
1300 5437 1419 5491 exterius
1428 5437 1537 5501 atrium,
1546 5445 1576 5490 ut
1585 5436 1612 5491 iu
1623 5435 1759 5494 iltbraico
1768 5440 1920 5499 contineor,

1146 5526 1236 5578 statirn
1246 5526 1359 5579 intuitus
1369 5532 1410 5578 est
1421 5525 1527 5595 triginta
1540 5526 1671 5581 thalamos
1679 5528 1722 5583 rei
1733 5527 1921 5600 gazophylacia.

1147 5616 1179 5668 Et
1198 5623 1226 5667 ιιι
1238 5613 1417 5683 Symmachus
1428 5615 1620 5683 interpretatus
1631 5623 1674 5670 est
1684 5620 1808 5684 exedras,
1818 5617 1921 5690 gumia-

1145 5704 1267 5758 bitationi
1282 5703 1436 5757 levitarum
1455 5714 1535 5773 atque
1554 5706 1728 5763 sacerdotum
1742 5709 1848 5765 inerant
1863 5720 1921 5778 με·

1147 5800 1256 5862 iuratae.
1268 5800 1296 5847 et
1312 5790 1494 5862 parimentum
1511 5792 1579 5847 rirls
1590 5802 1707 5850 stratum
1722 5796 1862 5868 lapidibus,
1872 5797 1920 5851 sire

1147 5881 1349 5939 intercolumnia
1368 5891 1400 5936 ut
1415 5882 1572 5938 ostendatur
1589 5883 1705 5940 interius
1720 5888 1820 5943 atrinrn
1834 5887 1871 5941 rei
1881 5900 1921 5940 er·

1146 5970 1230 6027 terius
1244 5970 1343 6026 trabere
1362 5978 1424 6025 ante
1446 5970 1517 6026 iores
1539 5972 1662 6027 ordinem
1684 5974 1879 6040 eolornnarrmr,
1898 5979 1922 6029 et
