4500 6842
304 610 374 669 tube

622 602 653 658 o.
671 599 799 657 annam
815 595 927 654 naum
944 592 1105 653 anonim.
1124 546 1280 653 nobum.
1299 572 1441 653 orsnun
1458 593 1550 653 rans
1567 595 1599 653 rt.

1872 602 1937 659 tuto

301 723 412 781 tionum.
435 713 512 774 liudo
526 677 555 770 ct
575 711 750 782 losepbnsin
772 725 821 766 soa
843 719 938 765 narrat
961 710 1090 779 Historia,
1105 715 1131 775 Α
1145 711 1285 782 urbspost
1298 711 1403 766 ruinam
1420 711 1476 768 sale
1490 727 1636 784 conspersa
1652 713 1837 773 demonstrat.
1852 716 1940 790 Super

300 811 374 886 quod
395 817 539 879 postquam
557 803 687 859 Dominus
711 800 866 856 crncillrtts
878 809 930 863 est,
952 810 980 855 ει
1000 802 1090 857 selum

303 901 394 973 templi
406 901 532 963 scissum,
544 897 600 951 sive
610 894 735 948 liminare
748 891 841 961 templi
853 891 968 949 fractum
977 892 1088 955 corruit,

304 995 395 1051 audita
405 991 441 1047 sit
454 1004 506 1045 vox
521 987 548 1041 in
559 986 648 1056 adytis
663 985 754 1054 templi
771 984 902 1040 virtutum
917 982 1089 1039 ooelestium:

306 1103 316 1137 ι
332 1085 514 1138 Transeamus
525 1093 559 1133 ex
575 1078 617 1133 bis
631 1076 773 1131 sedibus.»
788 1074 846 1130 line
869 1082 954 1130 totum
968 1089 1022 1129 non
1046 1088 1091 1128 su·

302 1171 416 1244 perbuo,
433 1170 480 1225 sed
505 1166 659 1224 necessario
669 1165 773 1221 dictum
785 1165 831 1230 sit,
845 1163 909 1234 quia
929 1176 1004 1218 marc
1018 1161 1090 1218 blor-

305 1274 380 1320 tnum
396 1264 524 1319 inllucnte
536 1260 563 1314 iu
574 1275 603 1313 so
613 1257 722 1312 ilumine
736 1256 853 1320 Domini,
862 1255 960 1311 dieitur
973 1268 1033 1309 esse
1045 1269 1092 1308 cu-

304 1364 402 1409 ratum.
426 1336 514 1421 Super
533 1352 587 1405 boo
603 1349 721 1407 marcata
737 1346 871 1417 Engaddi,
885 1344 963 1399 oculo
978 1354 1006 1398 et
1018 1341 1091 1400 ιειιιε

305 1444 392 1507 trioni,
411 1443 456 1511 qui
478 1456 527 1512 pro
550 1440 669 1511 pcccatis
694 1435 934 1506 semperoilcrtnr,
962 1434 1092 1504 usquead

305 1533 436 1603 lingaliim
452 1532 552 1587 ιοιιιειιι
566 1531 720 1595 vitulorum,
736 1529 781 1598 qni
803 1536 955 1584 mactantur
968 1528 1091 1592 Domino,

304 1633 332 1678 ει
344 1624 485 1677 irnitantnr
500 1623 613 1676 vitulum
636 1636 737 1678 cornua
753 1618 909 1675 offerentem
927 1627 954 1674 ct
968 1617 1091 1689 ungulas,

305 1713 350 1781 qni
377 1712 403 1766 in
430 1721 492 1782 typo
516 1710 666 1766 Salvatoris
688 1711 722 1765 ad
747 1710 832 1764 altare
846 1718 990 1773 mactatur,
1013 1718 1093 1764 erunt

304 1805 453 1873 piscatores
467 1803 564 1872 qnibns
584 1803 704 1873 loquitur
722 1801 820 1858 Jesus:
839 1821 848 1853 t
870 1801 966 1856 Venite
989 1802 1091 1865 adme,

305 1893 402 1948 iaciant
429 1909 478 1948 ros
501 1894 649 1962 piscatores
670 1893 808 1947 bominum
837 1892 944 1963 (iiottb.
960 1894 1030 1962 tv).t
1055 1890 1093 1944 Do

306 1983 403 2051 quibos
431 1991 459 2037 ει
482 1981 633 2038 ieremias:
657 1983 753 2037 «Ecce
776 1996 837 2052 ego,
863 1982 959 2051 inquit,
986 1981 1092 2035 mittant

1142 808 1290 856 torrentem
1305 815 1370 856 vero
1383 801 1441 856 sive
1458 800 1570 857 flurium
1581 804 1686 859 orietur
1700 805 1728 862 in
1743 806 1814 877 ripis
1831 806 1892 877 ejus
1905 827 1938 868 ex

1141 898 1257 967 utraque
1278 897 1357 960 parte
1368 904 1448 944 omrre
1462 889 1563 961 lignum
1578 892 1755 962 pomiferum,
1767 897 1827 952 sire
1843 908 1937 957 ntoru-

1142 993 1191 1036 nes
1202 995 1269 1035 voce
1278 995 1396 1036 consona
1408 980 1602 1037 transtulerunt
1609 982 1714 1058 βρῶμα,
1726 986 1902 1055 qnodcibom
1911 1000 1938 1046 et

1142 1085 1232 1125 eseam
1259 1070 1354 1125 tribuit
1374 1080 1402 1126 ει
1415 1071 1487 1141 quod
1509 1073 1600 1126 mandi
1619 1082 1719 1143 potest,
1733 1077 1938 1151 appellaturque

1143 1160 1233 1231 lingua
1241 1159 1372 1216 Hebraico
1383 1160 1499 1214 lloelrul.
1509 1179 1518 1212 ι
1528 1162 1562 1217 Et
1573 1164 1650 1227 nihil,
1658 1165 1739 1235 juxta
1749 1166 1935 1240 Septuaginta,

1144 1261 1295 1307 veterescet
1314 1252 1340 1305 in
1365 1267 1407 1317 eo,
1430 1272 1439 1305 r
1458 1253 1505 1307 sed
1526 1255 1646 1322 quotidie
1660 1257 1868 1315 innovabuntur
1884 1261 1938 1317 iru-

1143 1356 1190 1411 ges
1202 1339 1272 1416 ειιιε,
1284 1342 1341 1396 εἰιε
1358 1359 1367 1391 ‹
1387 1357 1440 1396 non
1453 1342 1553 1397 dellttet
1572 1342 1665 1399 iollam
1680 1362 1715 1401 ex
1729 1363 1775 1413 eo,
1787 1357 1815 1403 ει
1831 1349 1885 1405 ιιοιι
1895 1352 1937 1407 de-

1144 1432 1215 1488 beict
1227 1432 1404 1502 sanctiloquo,
1423 1455 1432 1487 r
1445 1433 1522 1503 juxta
1537 1436 1601 1491 illud
1612 1438 1684 1507 quod
1696 1441 1724 1493 in
1737 1442 1828 1510 primo
1838 1444 1938 1513 psalnto

1144 1525 1272 1594 scriptum
1289 1534 1332 1580 εει
1348 1540 1355 1578 :
1372 1543 1381 1576 ι
1398 1525 1432 1579 Ει
1444 1527 1497 1580 ειιι
1511 1538 1638 1596 tanquam
1655 1530 1761 1601 lignum
1774 1534 1848 1601 qnod
1867 1536 1937 1603 pian-

1144 1625 1229 1671 bttnm
1247 1625 1288 1671 est
1309 1632 1387 1672 secus
1406 1618 1536 1697 decursus
1557 1636 1706 1691 aquarum,
1726 1626 1800 1694 qnod
1824 1624 1936 1681 fructum

1144 1720 1221 1759 sunm
1236 1705 1311 1759 dabit
1333 1706 1360 1760 iu
1382 1713 1503 1776 ternpore
1524 1724 1583 1773 suo,
1604 1718 1631 1765 ct
1646 1710 1742 1765 lolium
1756 1713 1818 1781 ejus
1829 1731 1882 1769 nrm
1896 1718 1939 1771 dc-

1143 1793 1217 1849 Duet.
1244 1813 1253 1846 r
1277 1794 1330 1848 Per
1352 1795 1482 1866 singulos,
1509 1799 1605 1868 inquit,
1633 1817 1746 1855 menses
1770 1802 1868 1859 afferet
1887 1806 1939 1874 pti·

1144 1876 1248 1948 mitira,
1266 1885 1322 1939 sire
1338 1886 1408 1939 utin
1427 1886 1600 1959 Septuaginta
1614 1892 1748 1961 scriptam
1765 1902 1807 1947 est
1825 1913 1832 1947 ι
1852 1894 1940 1949 ιι·“ιιι-

1145 1980 1204 2029 ctus
1217 1974 1276 2044 ejus
1299 1974 1326 2028 in
1347 1976 1521 2042 renovatione
1546 1978 1586 2031 sni
1606 1980 1748 2048 primitiva
1761 1981 1857 2047 dabit;
1886 1995 1939 2040 rut

304 2072 453 2143 piscatores
468 2071 636 2143 (Jer.xvr).r
656 2073 688 2126 tta
699 2072 821 2143 plurintae
831 2072 944 2140 specics,
972 2070 1026 2125 imo
1048 2085 1093 2140 gc·
1109 2066 1234 2136 Bomnis
1247 2066 1412 2121 credentium
1433 2066 1538 2123 fructus
1559 2070 1686 2137 primitia
1706 2073 1776 2137 sint,
1797 2083 1828 2128 ει
1847 2054 1940 2147 sitignli

305 2178 370 2217 nem
385 2163 499 2233 piscium
515 2172 593 2217 erunt
605 2164 632 2217 in
646 2164 715 2217 mari
730 2164 866 2232 quondam
881 2171 1007 2218 mortuo:
1025 2178 1109 2231 quam¹
1146 2171 1252 2211 menses
1281 2158 1393 2228 singulis
1417 2158 1546 2228 apostolis
1568 2160 1744 2229 deputentnr.
1770 2162 1831 2217 linc
1855 2174 1939 2221 atatem

305 2254 394 2323 pisces
407 2252 441 2306 ad
455 2252 592 2307 dexteram
611 2261 715 2322 partem
723 2252 837 2322 jubente
850 2253 963 2309 Domino
976 2253 1096 2307 extralrit
1146 2246 1272 2323 eveniet,
1289 2265 1298 2298 r
1324 2249 1451 2317 quoniam
1466 2264 1543 2317 aquae
1558 2248 1616 2318 ejus
1636 2251 1669 2306 de
1691 2253 1856 2307 sanctuario
1869 2266 1939 2325 egra-

305 2341 402 2397 Pctrus
430 2340 601 2414 (loomin),
626 2350 654 2395 et
674 2351 754 2396 erant
776 2351 885 2398 centum
901 2343 1095 2412 quinquaginta
1146 2339 1265 2395 dieruur.
1280 2338 1337 2395 »Ne
1350 2347 1476 2409 putemus
1488 2341 1607 2412 riparum
1619 2358 1680 2398 esse
1697 2344 1741 2399 rel
1753 2346 1884 2443 arborum
1896 2352 1940 2402 art

307 2442 371 2496 tres,
385 2433 421 2486 ita
433 2441 462 2486 nt
476 2448 531 2502 prae
554 2434 724 2489 multitudine
736 2449 831 2490 eornm
854 2436 922 2490 retia
939 2451 1096 2506 rumperen·
1146 2433 1278 2487 mensium
1309 2442 1446 2489 tantarum
1473 2433 1579 2506 frugum
1605 2436 1832 2500 abundantiam,
1858 2438 1939 2492 reddit
1973 2501 1978 2514 ⁹

307 2535 359 2581 tur.
378 2526 553 2591 binntenim,
574 2528 621 2596 qui
643 2527 677 2582 de
701 2527 879 2581 animantium
896 2528 1031 2599 scripsere
1047 2543 1095 2583 na·
1146 2537 1240 2579 causas
1251 2524 1383 2581 ubertatis
1393 2533 1420 2581 ει
1435 2525 1526 2591 ιιιιειι,
1537 2526 1599 2596 quia
1608 2542 1687 2596 aquae
1703 2527 1811 2597 ejusde
1821 2539 1939 2587 εειιειιε-

307 2618 375 2672 turis
391 2627 419 2671 et
434 2618 613 2687 proprietate,
630 2618 675 2685 qui
690 2618 819 2675 ἁλιευτικὰ
835 2628 889 2673 tant
901 2618 998 2674 Latino
1012 2635 1094 2689 quam
1146 2618 1187 2672 rio
1199 2618 1380 2689 egredientur.
1393 2637 1404 2671 r
1418 2618 1476 2674 Non
1490 2633 1555 2691 crgo
1565 2620 1681 2677 volentis
1696 2636 1788 2693 neque
1799 2624 1937 2689 ειιιιειιιιε,

306 2705 401 2761 draco
421 2707 538 2762 didicere
550 2720 674 2764 sermone
684 2707 727 2779 (tle
741 2710 839 2780 quibus
853 2709 1096 2782 bppianicnsCilix
1146 2707 1193 2762 sed
1207 2708 1362 2763 miserentis
1374 2716 1416 2763 εει
1437 2708 1486 2763 Dei
1504 2707 1594 2778 (Dour.
1607 2709 1657 2775 tri.
1676 2730 1685 2762 r
1704 2710 1936 2769 liorumomniun

308 2792 372 2864 ιιι,
386 2793 466 2867 Cilix]
479 2805 521 2857 εει
533 2803 612 2866 pocta
632 2798 815 2872 doctissimus)
839 2808 949 2855 centum
961 2803 1097 2872 quinqua·
1147 2798 1279 2870 lignorum
1293 2800 1473 2871 principatum
1495 2808 1568 2855 tenet
1584 2799 1687 2872 lignum
1706 2802 1780 2865 ritae,
1810 2804 1881 2872 quod
1901 2804 1938 2858 in

306 2884 380 2955 ginta
395 2885 444 2939 tria
468 2900 528 2941 csse
552 2901 652 2957 genera
675 2889 802 2959 piscium,
828 2907 888 2961 qua·
910 2893 1000 2947 omnia
1015 2902 1095 2963 capta
1147 2890 1278 2963 telligitur
1296 2891 1439 2962 sapientia,
1455 2892 1488 2946 de
1504 2906 1557 2961 qua
1571 2893 1705 2962 seriptum
1719 2901 1782 2947 est:
1801 2912 1813 2945 ι
1830 2893 1935 2965 Lignum

307 2985 370 3029 sunt
382 2977 416 3030 ab
428 2978 566 3046 apostolis,
583 2988 610 3034 ει
623 2981 689 3036 nibil
705 2985 836 3040 remansit
857 2985 1004 3055 incaptum,
1032 2988 1097 3043 dum
1146 2983 1209 3038 vita
1221 2992 1263 3039 εει
1278 2984 1402 3039 omnibus
1416 2984 1589 3039 credentibus
1605 2984 1633 3038 in
1647 2999 1680 3038 ea
1698 2982 1794 3056 (Pron.
1808 2984 1863 3056 tn).
1880 2983 1935 3040 sil·

307 3076 335 3119 ct
349 3066 452 3121 nobiles
475 3075 500 3121 et
532 3068 674 3139 ignobiles,
696 3081 723 3128 et
738 3074 835 3129 divites
848 3081 875 3128 et
900 3090 1045 3146 pauperes,
1070 3084 1097 3132 et
1146 3075 1245 3145 indque
1260 3075 1330 3145 quud
1341 3075 1460 3130 dicitur:
1478 3094 1487 3125 ι
1510 3073 1543 3127 Et
1557 3082 1638 3129 erunt
1661 3072 1771 3130 irnetus
1783 3073 1882 3144 ejnsin
1900 3074 1935 3130 ei·

308 3168 485 3225 onrnegenns
505 3157 644 3214 hominnm
665 3160 781 3218 domari
803 3163 883 3234 hujus
898 3166 1097 3221 saccniiextra·
1147 3169 1263 3234 bum,et
1282 3165 1490 3240 iolinmejusad
1506 3165 1680 3231 medicinam,
1710 3166 1891 3222 »divinorum
1907 3165 1937 3221 li·

308 3245 383 3300 bitur
399 3246 432 3301 ad
446 3246 568 3303 salutem.
586 3249 663 3316 Quod
687 3261 777 3308 autem
800 3255 963 3323 seqnitur:‹
982 3257 1011 3310 ιιι
1025 3257 1098 3311 litto·
1147 3262 1258 3317 brorum
1280 3267 1449 3316 sacramenta
1471 3261 1650 3324 demonstrat,
1676 3275 1797 3331 quornm
1828 3260 1936 3316 altemu

308 3337 384 3393 ribus
394 3335 462 3405 ejus,
477 3344 506 3393 ει
520 3338 547 3391 in
563 3340 761 3407 palustribus»
782 3343 878 3399 sivein
892 3344 934 3399 liis
949 3360 1009 3414 quae
1019 3353 1096 3400 ertra
1147 3355 1264 3423 pertinet
1278 3352 1312 3406 ad
1326 3351 1454 3414 litteram,
1475 3350 1588 3404 alterum
1611 3351 1646 3406 ad
1657 3351 1802 3422 spiritum,
1818 3361 1849 3406 ιιι
1860 3352 1935 3415 rerba

307 3426 399 3481 littora
418 3447 427 3479 ι
445 3428 629 3498 egrediuntur,
648 3446 724 3499 aquai
742 3448 795 3486 non
814 3434 991 3501 sanabuntur,
1008 3435 1132 3516 rilinde
1148 3440 1278 3511 simplicia
1307 3441 1489 3512 intelligamus
1516 3441 1542 3517 in
1568 3439 1650 3505 ioliis,
1681 3442 1711 3497 in
1726 3441 1861 3497 tractibus
1878 3456 1935 3497 reto

235 3514 238 3520 '
309 3518 426 3575 latenter
439 3520 566 3587 ostendit,
587 3522 658 3590 qnod
671 3523 717 3592 qni
741 3524 769 3577 in
781 3522 837 3578 Noti
851 3540 915 3580 arca
931 3541 985 3581 non
1001 3525 1094 3592 inerit,
1146 3546 1256 3588 sensnm
1273 3531 1412 3588 latentem.
1428 3531 1504 3588 Sicut
1520 3532 1591 3602 enirn
1606 3534 1725 3589 scicntia
1739 3535 1934 3605 Scripturarunt

309 3616 401 3675 percat
421 3619 552 3679 regnante
565 3611 675 3679 dilutio,
688 3621 716 3668 ει
733 3628 800 3683 qnos
813 3615 864 3670 istc
877 3614 972 3671 burins
987 3632 1040 3672 non
1055 3626 1097 3673 at·
1147 3624 1221 3681 ducit
1239 3625 1273 3680 ad
1301 3627 1384 3696 r'cgna
1404 3624 1533 3680 coelorum
1559 3633 1586 3680 et
1602 3624 1710 3695 prabet
1733 3627 1813 3682 nobis
1834 3641 1933 3697 panem,

308 3698 411 3768 tigerit,
422 3714 475 3753 raon
496 3702 642 3772 suscipiant
667 3705 821 3760 sanitatem.
837 3726 845 3757 ι
873 3705 926 3761 Seri
940 3707 968 3761 iu
983 3708 1093 3774 salinas,

308 3790 405 3860 inquit,
422 3785 574 3859 dabuntur;
590 3815 600 3847 r
622 3796 699 3867 justa
724 3785 788 3852 illud
808 3798 879 3867 qnod
893 3800 1022 3870 scriptum
1034 3812 1093 3859 cst:

310 3897 319 3929 t
337 3880 481 3938 Pestilente
505 3884 645 3956 llagellato,
668 3889 765 3947 stultus
778 3892 925 3960 sapientior
936 3894 989 3947 erit
1004 3893 1094 3966 (Pron.

308 3970 397 4040 xix),r
414 3974 542 4029 erudiunt
555 3979 626 4031 enim
649 3979 735 4035 bonos
747 3982 868 4052 exempla
881 3984 1013 4054 pejorum.
1030 3986 1092 4042 Sive

308 4059 335 4111 in
361 4060 461 4116 salinas
489 4064 624 4120 dabuntur
638 4065 715 4134 juxta
728 4069 794 4143 illud
819 4072 890 4139 quod
903 4072 930 4125 in
948 4073 1092 4145 Evangelio

308 4149 513 4220 scriptumest:
531 4176 539 4207 ι
555 4145 662 4212 'Bonum
684 4169 725 4214 est
747 4161 797 4225 sal,
824 4163 846 4217 si
867 4172 957 4219 autem
971 4165 1010 4220 sal
1024 4166 1093 4222 inia-

308 4241 413 4294 tnalum
430 4239 520 4308 inerit,
546 4246 572 4299 in
597 4248 663 4302 nihil
685 4261 727 4304 cst
752 4252 818 4306 utile
846 4253 953 4324 (liniti.
973 4255 999 4328 ιι)
1015 4273 1022 4321 ;
1040 4266 1093 4313 ›ttt

308 4327 334 4379 iu
354 4338 514 4398 perpetuum
538 4333 660 4404 frugibus
682 4350 793 4396 careant
816 4352 845 4397 ct
862 4345 962 4411 virore,
981 4347 1052 4417 qnod
1065 4357 1093 4404 et

352 4460 1039 4514 ..Ἢ

1149 3714 1194 3782 qui
1218 3714 1284 3769 dicit
1309 3731 1316 3767 ι
1337 3732 1346 3765 t
1374 3714 1429 3785 Ego
1448 3730 1508 3769 snm
1523 3716 1608 3784 panis,
1623 3705 1670 3792 qni
1683 3716 1719 3771 de
1734 3716 1806 3771 coelo
1817 3715 1933 3772 descendi

1150 3804 1241 3876 (loun.
1256 3806 1309 3876 rr);
1329 3825 1338 3858 r
1358 3806 1397 3861 sic
1412 3805 1470 3874 cius
1483 3806 1544 3861 lolia
1558 3807 1692 3862 moralem
1707 3808 1865 3864 doctrinam
1877 3824 1933 3864 cuu-

1151 3899 1237 3955 tinent
1247 3909 1274 3956 et
1288 3901 1408 3955 tribuunt
1431 3902 1585 3967 sanitatem,
1609 3911 1638 3957 ut
1659 3906 1839 3973 peccantium
1848 3914 1933 3962 curent

1148 3990 1271 4046 vulnera.
1298 3991 1350 4047 Pro
1386 3991 1457 4047 loliis
1481 4007 1541 4063 quae
1565 3991 1703 4048 ll'ebraice
1741 3995 1871 4051 dicuntur
1892 3997 1933 4050 dte

1146 4086 1258 4148 propter
1281 4081 1357 4135 verbi
1379 4091 1406 4136 ct
1429 4083 1503 4136 vocis
1525 4082 1733 4141 similitudinem
1762 4086 1932 4158 Septuaginta

1146 4169 1330 4225 ascensionem
1340 4172 1544 4227 transtulerunt.
1552 4174 1630 4240 Quod
1639 4184 1667 4229 ct
1678 4177 1768 4246 ipsum
1777 4181 1820 4235 sie
1829 4179 1932 4235 edisseri

1146 4252 1245 4331 potest,
1257 4272 1286 4316 nt
1297 4272 1358 4332 post
1370 4264 1447 4320 eibos
1459 4265 1605 4332 iructunm,
1620 4268 1767 4325 terburum
1781 4273 1891 4329 monitis
1902 4271 1932 4326 sd

1147 4350 1268 4408 ccelestia
1278 4354 1500 4413 conscendamus.

1231 4492 1313 4504 α-

882 4607 1028 4689 LIBER
1065 4616 1357 4698 VICESIMUS.

1001 4746 1240 4765 ψ·-

341 4790 406 4847 Com
421 4792 550 4861 propheta
565 4792 591 4845 in
604 4795 764 4862 praecedenti
779 4795 848 4852 libro
858 4800 891 4854 de
911 4800 1157 4867 oblationibusltr
1178 4822 1233 4876 quo
1260 4810 1433 4878 possidebitis
1459 4821 1557 4869 terram
1585 4821 1619 4869 ‚n'
1637 4815 1787 4876 duodecim
1816 4824 1929 4879 tribubus

306 4882 471 4952 singularum
490 4881 666 4937 festivitatum
688 4894 715 4942 ct
736 4886 770 4940 de
792 4889 927 4946 oblatione
949 4894 1089 4963 principis,
1146 4917 1154 4946 ι
1176 4898 1268 4965 lsrael,
1280 4900 1343 4969 quia
1353 4899 1451 4973 loseph
1461 4903 1592 4973 dupliccru
1603 4904 1754 4964 ianiculum
1769 4911 1922 4970 babetPut

307 4989 417 5028 necnon
431 4982 459 5026 ct
473 4974 741 5033 sacerdotnmoliiciis
752 4992 998 5048 commemorasset,
1010 4999 1092 5055 aqua·
1145 5005 1153 5036 ι
1176 4985 1299 5042 ridebitis
1321 4997 1412 5044 autem
1434 5007 1494 5047 eam
1507 4993 1604 5065 singuli
1618 5010 1696 5065 aeque
1709 5007 1739 5052 nt
1752 5000 1842 5057 irater
1855 5016 1925 5068 snus,

199 5078 204 5089 ‘
307 5078 419 5132 rumque
433 5063 623 5118 abundantiam
637 5071 664 5119 et
680 5065 811 5146 lignorum
825 5070 852 5124 in
870 5072 938 5142 ripis
958 5074 1016 5142 ejus
1036 5074 1091 5130 iru-
1145 5091 1345 5147 «superquam
1356 5080 1442 5136 levavi
1454 5098 1560 5139 manum
1574 5088 1804 5144 meamutdarem
1814 5093 1926 5161 patribus

307 5150 496 5207 etiboationem
507 5149 661 5231 enarraret,
674 5160 805 5214 contertlt
816 5176 845 5216 εε
860 5162 894 5217 ab
908 5164 958 5218 lroc
973 5173 1002 5219 ut
1013 5163 1089 5233 jutta

305 5250 466 5311 praeceptum
491 5242 595 5298 Domini
622 5250 750 5304 terminos
773 5258 852 5306 terrae
876 5253 1016 5309 duodecim
1040 5256 1089 5309 tri·

306 5330 388 5384 buum
416 5332 645 5402 possessionisque
679 5338 807 5405 spiritalis
832 5350 940 5396 enarret
965 5332 1090 5413 priniittae

306 5419 723 5494 sanctuarii,possessionemque
747 5426 901 5483 Levitarum
930 5432 1087 5489 describit:

305 5508 451 5564 novissime
469 5524 533 5564 roro
555 5521 645 5579 portas
675 5517 792 5572 civitatis
811 5520 838 5572 in
863 5531 979 5589 quatuor
1002 5525 1088 5595 plagis

305 5598 423 5653 notarmo
436 5598 462 5653 in
480 5598 531 5653 buc
544 5600 603 5655 libri
625 5602 802 5662 habitatorem
814 5610 896 5677 ipsius
920 5614 1012 5684 templi
1034 5616 1087 5670 Do-

250 5697 258 5728 z
305 5687 408 5742 minum
421 5703 481 5743 esso
502 5692 630 5757 ostendit,
648 5695 693 5761 qni
707 5697 787 5752 attins
800 5702 863 5756 boni
881 5704 986 5758 initium
998 5714 1026 5760 et
1038 5719 1087 5763 au-

303 5784 374 5856 ctor,
388 5786 414 5832 et
427 5778 545 5847 perlecta
559 5784 722 5851 operationis
739 5794 944 5848 consummatio.

478 5871 650 5938 scebtttbt
671 5877 784 5933 CAPUT
804 5880 906 5939 litttt.

339 5975 349 6007 t
370 5955 431 6013 llaec
445 5959 509 6015 dicit
524 5962 652 6020 Dominus
672 5966 742 6024 Dens
757 5987 764 6023 :
777 5969 825 6026 ilic
838 5983 879 6028 est
902 5977 1033 6035 terminus
1058 5979 1086 6033 in

1145 5186 1155 5218 ι
1177 5169 1284 5236 ιεειιιε,
1294 5179 1322 5224 ει
1335 5172 1414 5227 cadet
1422 5182 1494 5230 terra
1505 5174 1562 5230 baec
1575 5176 1650 5231 vobis
1666 5177 1923 5249 inpussessiouem

1144 5260 1310 5333 (adnotant.)
1336 5263 1412 5321 Sient
1434 5267 1537 5324 umbrae
1551 5277 1578 5323 et
1604 5270 1755 5340 exemplari
1778 5273 1924 5331 deserviunt

1144 5350 1293 5406 eoelcstinm
1308 5353 1351 5408 bis
1376 5355 1423 5425 qui
1437 5357 1523 5428 legem
1536 5359 1697 5429 suscipiunt,
1711 5377 1775 5432 qnae
1794 5375 1837 5422 est
1862 5364 1924 5420 illius

1142 5455 1213 5496 rorte
1230 5442 1294 5512 legis
1317 5445 1422 5512 umbra,
1452 5448 1488 5502 ita
1512 5449 1649 5520 exemplar
1672 5460 1701 5507 et
1715 5454 1815 5510 umbra
1837 5471 1922 5511 corase¹

1141 5540 1255 5600 quanter
1268 5541 1330 5588 sunt
1344 5535 1482 5592 divisionis
1504 5539 1622 5595 eoelestis
1645 5541 1691 5597 ιιιε
1712 5545 1766 5613 qni
1792 5545 1820 5600 in
1842 5547 1922 5601 indm

1140 5620 1324 5677 lraercditatem
1338 5624 1460 5680 diridnnt
1476 5636 1563 5683 terrac.
1577 5629 1643 5685 Erat
1661 5646 1729 5704 ergo
1744 5634 1774 5690 in
1789 5637 1867 5693 ecelis
1882 5650 1921 5689 rs·

1139 5709 1215 5774 ritas,
1243 5713 1337 5766 umbra
1364 5729 1429 5771 vero
1452 5725 1481 5771 et
1494 5719 1632 5788 exemplar
1645 5722 1818 5784 ιιειιιιιιειιι
1842 5726 1919 5788 ants

1138 5811 1166 5854 ει
1182 5802 1266 5857 donec
1282 5804 1375 5859 umbra
1391 5807 1449 5861 baee
1462 5810 1604 5864 constabat
1628 5811 1655 5865 in
1686 5816 1782 5882 terris,
1808 5826 1864 5872 erat
1881 5813 1920 5871 te

1139 5890 1257 5945 rosalem
1272 5895 1418 5958 terrestris,
1431 5904 1490 5950 erat
1504 5898 1641 5967 ternplum,
1656 5912 1717 5957 erat
1731 5905 1821 5962 altare
1833 5917 1858 5961 et
1869 5915 1920 5960 erat

1140 5979 1250 6035 risibilis
1260 5981 1358 6043 cnltns,
1375 5993 1453 6039 erant
1469 5988 1611 6056 pontillccs
1624 5998 1652 6047 ct
1676 5995 1843 6062 sacerdotes,
1864 6011 1918 6052 cou-
