4500 6842
311 679 369 739 det
636 681 666 735 D.
687 676 812 736 RhBth
831 663 940 735 hthRl
956 671 1115 733 ancillet.
1136 671 1290 729 hoounr.
1312 672 1454 732 oeentm
1473 674 1562 731 PARS
1580 675 1612 731 ll.
1891 683 1943 741 qm

316 777 403 869 quens
416 804 442 852 te
455 794 521 867 (ier.
536 792 618 865 xvir).
637 812 647 845 i
665 791 730 859 Quis
741 801 832 847 autem
843 790 1041 852 hereticorum,
1056 787 1102 856 qui
1115 790 1140 849 Α
1153 772 1291 855 propb'etoe
1305 787 1476 841 castitcmnt.
1488 786 1580 842 Potest
1593 796 1683 842 autern
1694 798 1723 844 et
1734 804 1816 859 super
1828 807 1887 861 coc,
1897 797 1944 870 qut

315 885 438 956 sequitur
450 884 573 955 spiritum
588 896 682 960 suurn,
706 895 757 934 non
774 880 907 951 impingat
926 879 954 933 in
976 875 1104 933 tenebras
1153 876 1251 931 docent
1269 877 1449 942 inecclesiis,
1469 877 1492 933 si
1517 878 1596 934 aliter
1613 894 1694 948 quam
1717 884 1805 952 poscit
1824 885 1945 962 veritas,

314 985 342 1032 et
360 990 446 1031 caecrrs
465 989 550 1028 cacos
570 974 651 1027 «lucat
673 972 699 1025 in
713 971 837 1026 lorcam?
853 968 909 1024 lmo
922 969 986 1024 licet
1004 968 1055 1021 sibi
1074 967 1102 1021 in
1153 967 1266 1031 docent,
1287 982 1406 1037 praesens
1419 985 1508 1025 sermo
1523 985 1680 1039 congruere.
1695 971 1800 1043 Siquis
1812 976 1885 1031 enim
1899 993 1945 1043 ea,

301 1063 464 1134 mysteriis,
489 1062 543 1117 imo
567 1061 650 1131 orgiis
668 1060 724 1115 suis
744 1058 821 1131 plura
845 1057 1036 1114 ecclesiasticis
1052 1057 1101 1111 do·
1152 1070 1212 1124 quae
1233 1054 1311 1111 Jcsus
1331 1056 1455 1113 Christus
1469 1057 1598 1113 Dominus
1613 1060 1719 1115 locutus
1735 1069 1797 1128 cst,
1814 1072 1843 1119 et
1861 1065 1945 1123 intel-

313 1152 433 1208 etoribus
462 1152 554 1206 videre
586 1151 747 1214 videantur,
774 1160 863 1205 tamen
893 1148 959 1203 nihil
992 1147 1101 1202 omnino
1151 1143 1217 1198 texit
1238 1145 1662 1217 ineoscusu,quoloeutusest
1681 1151 1814 1224 ipsc,qui
1834 1156 1946 1227 docuit,

313 1243 413 1305 rident,
429 1242 492 1311 quia
513 1243 596 1296 solem
611 1240 722 1311 justitiae
734 1242 927 1311 prodiderunt:
948 1239 1101 1309 frustraque
1151 1251 1204 1289 non
1220 1237 1252 1290 de
1269 1238 1350 1292 corde
1360 1254 1418 1304 suo,
1432 1240 1478 1294 sed
1492 1240 1525 1295 dc
1538 1238 1639 1312 Spiritu
1652 1245 1947 1320 sauctoloquitursee·

313 1331 455 1384 imitantur
477 1346 534 1395 cos,
558 1330 602 1399 qui
624 1331 699 1400 prius
726 1329 891 1383 vocabantur
916 1329 1048 1393 videntes,
1073 1335 1101 1382 et
1150 1340 1244 1381 mones
1259 1328 1305 1381 lilii
1318 1329 1364 1383 Dei
1376 1328 1452 1395 lesu,
1464 1332 1486 1385 si
1501 1334 1635 1387 consentit
1648 1332 1765 1403 Spiritus
1775 1348 1889 1395 sanetus
1902 1358 1947 1398 ro·

308 1416 410 1485 ,quibus
423 1416 523 1470 dicitur
540 1433 546 1470 :
567 1434 576 1467 «
597 1416 646 1482 Qui
661 1417 747 1480 vides,
761 1416 839 1478 vade,
853 1415 948 1469 recede
961 1415 1099 1482 interram
1149 1416 1246 1471 luntati
1261 1418 1330 1486 ejus,
1345 1421 1390 1490 qui
1406 1422 1432 1475 in
1447 1422 1575 1492 apostolis
1588 1424 1692 1480 locutus
1701 1434 1752 1481 est.
1766 1426 1796 1483 Si
1807 1430 1870 1500 quis
1881 1427 1947 1489 vero

309 1504 420 1562 Judaet
441 1508 467 1562 in
494 1506 589 1562 Dethel
612 1521 663 1560 non
692 1504 865 1576 prophetabis
892 1502 1096 1574 (almosvrvhr
1150 1505 1241 1576 lc'gens
1255 1508 1429 1581 Evangelium
1444 1513 1583 1585 proprium
1597 1528 1705 1570 sensum
1724 1526 1799 1586 aptat
1817 1520 1945 1595 Evange-

310 1596 490 1662 Quamobrem
503 1597 570 1651 visio
584 1595 658 1650 isaiae
672 1602 698 1649 et
712 1595 804 1649 Abdim
817 1602 953 1663 ponuntur
964 1593 990 1646 in
1002 1590 1096 1646 titulis.
1150 1596 1196 1663 lio,
1212 1615 1263 1654 non
1282 1600 1318 1654 ita
1346 1601 1497 1671 intelligens
1512 1611 1541 1657 ut
1557 1603 1686 1660 Dominus
1698 1606 1805 1663 locutus
1818 1619 1877 1675 est;
1893 1613 1944 1671 isus

310 1687 344 1742 Et
372 1688 501 1742 Dominus
518 1686 652 1756 apostolis
677 1686 831 1756 praerupit:
857 1684 985 1740 «Levate
1006 1684 1098 1740 oculos
1149 1685 1233 1743 lulsus
1252 1691 1384 1760 propbeta
1406 1699 1463 1758 est,
1486 1691 1600 1762 loqueos
1623 1694 1657 1750 dc
1674 1697 1755 1752 corde
1780 1701 1894 1770 proprio
1918 1703 1946 1757 in

308 1783 416 1831 vestros
427 1783 454 1829 et
472 1776 561 1829 videte
576 1772 667 1845 (lona.
691 1772 728 1845 rr)
750 1793 759 1824 r
785 1772 816 1826 Et
837 1772 971 1843 Propheta
997 1772 1099 1843 suppli·
1148 1775 1318 1848 Evangelio:
1336 1798 1345 1829 «
1363 1778 1439 1835 Sicut
1452 1781 1545 1851 vulpes
1557 1783 1584 1836 in
1599 1782 1720 1851 deserto,
1734 1788 1877 1858 prophetae
1892 1790 1945 1857 tui,

306 1866 377 1921 citer
387 1865 566 1935 deprecatur:
582 1863 703 1917 «Revela
723 1862 816 1919 oculos
830 1877 914 1929 meos,
933 1872 961 1919 et
973 1864 1098 1920 conside-
1147 1863 1239 1919 lsrael.
1258 1884 1267 1917 i
1286 1867 1394 1922 Animal
1406 1869 1493 1940 vulpis
1513 1886 1628 1940 nequam
1646 1881 1703 1940 cst,
1723 1885 1866 1932 versutum
1885 1890 1944 1946 cst,

308 1954 375 2009 rabo
387 1954 520 2009 mirabilia
531 1953 564 2008 de
576 1952 634 2024 lego
650 1962 694 2007 tua
710 1951 796 2022 (Ptol.
810 1951 941 2024 oxvur).»
1028 2011 1036 2042 δ
1147 1954 1309 2012 indomabile
1330 1966 1386 2024 est,
1412 1959 1500 2015 lerum
1518 1971 1570 2017 cst.
1592 1963 1723 2031 «Dicite,
1742 1968 1780 2022 ait
1803 1966 1943 2039 Salvator,

346 2061 355 2095 «
372 2044 453 2111 Quasi
474 2044 566 2112 vulpes
586 2044 614 2097 in
635 2043 749 2098 desertis
768 2044 906 2113 prophetae
926 2044 983 2109 tui,
1003 2044 1094 2100 lsrael.
1146 2044 1220 2114 vulpi
1232 2044 1276 2101 isti
1292 2047 1379 2103 :Ecce
1391 2049 1547 2107 sanationes
1559 2054 1670 2122 perlicio
1684 2056 1763 2112 bodie
1775 2067 1804 2113 et
1818 2076 1898 2128 cras,
1912 2072 1943 2119 et

309 2155 319 2188 ι
337 2136 395 2192 Non
408 2136 569 2192 ascendistis
580 2150 613 2189 ex
627 2135 749 2200 adverso,
765 2150 852 2206 neque
861 2134 1023 2205 opposuistis
1037 2141 1133 2203 mun
1148 2134 1226 2189 tertia
1240 2136 1284 2190 die
1302 2131 1476 2195 consummor
1496 2142 1571 2212 (lue.
1587 2145 1656 2217 xtra).
1675 2165 1684 2199 r
1704 2146 1758 2203 llas
1780 2150 1877 2220 vulpes
1894 2169 1943 2210 ue·

309 2246 319 2279 «
336 2244 396 2283 rum
409 2243 459 2299 pro
471 2228 551 2282 domo
564 2226 661 2292 lsrael,
679 2234 709 2281 ut
728 2227 838 2281 staretis
851 2228 878 2282 in
895 2226 988 2297 praelio
1008 2226 1035 2282 in
1054 2227 1097 2282 die
1149 2227 1281 2281 cessarias
1296 2228 1389 2283 habuit
1403 2230 1544 2286 adversum
1557 2232 1721 2305 alienigenas
1733 2236 1851 2295 Samson
1864 2242 1942 2313 (lad.

309 2338 318 2371 v
335 2317 451 2374 Domini.
470 2317 569 2372 ilidcnt
584 2332 654 2370 vana
674 2325 701 2371 ct
719 2317 842 2372 divinant
864 2317 1033 2372 mendacium
1055 2318 1096 2372 di·
1149 2315 1205 2383 xv),
1219 2330 1333 2385 quarum
1344 2320 1436 2375 caudis
1449 2336 1508 2375 curn
1523 2322 1587 2378 lune
1598 2325 1696 2382 vinctis
1707 2327 1858 2398 (trecentas
1869 2334 1944 2390 eninr

307 2415 443 2468 «centes,
465 2405 503 2459 ait
526 2403 673 2469 Dominus,
694 2419 755 2459 cum
775 2404 904 2459 Dominus
923 2420 976 2461 nou
993 2405 1098 2462 miserit
1148 2406 1290 2477 ceperat),
1313 2407 1339 2461 in
1358 2410 1534 2477 perditionem
1556 2428 1603 2469 eas
1633 2413 1737 2488 frugum
1757 2421 1833 2474 misit
1854 2423 1945 2479 bosti-

307 2516 318 2548 «
335 2492 844 2565 eos,etperscvcravcruntconfirmare
854 2509 1016 2550 sermonem.
1025 2493 1107 2549 Nun«
1147 2494 1225 2571 lium,
1238 2496 1390 2553 istiusmodi
1404 2509 1467 2554 sunt
1478 2500 1537 2557 lalsi
1548 2504 1680 2573 magistri,
1689 2508 1802 2574 versuti,
1819 2512 1944 2584 maligni,

308 2605 318 2638 «
336 2586 400 2657 quid
414 2601 466 2640 nou
478 2585 609 2639 visionem
622 2598 728 2640 cassam
743 2583 849 2641 vidistis
862 2593 891 2639 et
905 2584 1096 2640 divinationem
1148 2591 1174 2639 ct
1187 2586 1282 2641 bestiis
1296 2587 1412 2655 similes,
1429 2590 1452 2645 si
1468 2590 1530 2646 talis
1544 2608 1611 2656 sum,
1629 2595 1715 2665 vulpis
1729 2613 1799 2651 sum.
1817 2599 1879 2657 Sed.
1888 2618 1945 2659 non

307 2698 318 2730 «
335 2678 491 2733 mendacem
508 2676 588 2731 locuti
602 2676 678 2741 estis,
686 2684 713 2731 ct
724 2674 823 2740 dicitis,
832 2674 871 2729 ait
884 2675 1024 2743 Dominus,
1035 2690 1096 2730 cum
1147 2677 1305 2748 simpliciter
1316 2680 1412 2751 vulpis,
1424 2697 1518 2738 verum
1531 2684 1618 2757 vulpis
1631 2687 1658 2741 in
1671 2689 1796 2754 desertis,
1812 2694 1904 2763 rrrlpis
1916 2694 1944 2750 in

309 2783 385 2838 «ego
412 2783 466 2824 nou
489 2767 540 2821 sim
568 2766 691 2822 locutus?
714 2785 723 2819 r
750 2773 802 2821 etc.
830 2765 957 2821 Dicamus
980 2766 1095 2836 primum
1147 2769 1296 2837 parietinis,
1309 2772 1397 2842 vulpis
1410 2773 1437 2829 in
1451 2774 1571 2845 rupibus.
1588 2777 1635 2834 llae
1648 2780 1719 2835 enim
1733 2784 1760 2837 in
1772 2784 1944 2843 diversisse·

302 2860 380 2928 juxta
404 2859 567 2915 llebraicum
589 2859 727 2930 prophetae
747 2857 830 2914 lsrael
853 2857 956 2913 similes
977 2857 1096 2927 vulpium
1148 2857 1295 2915 ditionibus
1309 2863 1482 2920 continentur
1496 2867 1660 2938 versipelles.
1674 2872 1838 2942 versipelles
1855 2877 1900 2931 isti
1915 2887 1943 2934 ct

303 2960 383 3018 sunt;
399 2952 519 3023 quotidie
531 2952 741 3038 domesticarum
758 2951 848 3006 avium
864 2948 935 3005 lurta
957 2947 1095 3013 iacientes,
1147 2967 1264 3022 nequam
1277 2970 1386 3024 semper
1404 2958 1430 3012 in
1445 2958 1573 3027 desertis,
1590 2977 1695 3034 semper
1706 2966 1734 3020 in
1749 2967 1946 3035 solitudinibus

253 3090 260 3104 ,
305 3044 350 3112 qui
367 3044 489 3097 habitant
503 3042 580 3113 juxta
597 3041 721 3112 Aquilam
735 3050 762 3098 et
783 3040 959 3113 Septuaginta
981 3041 1035 3095 «in
1049 3041 1096 3095 de·
1146 3052 1297 3100 morantur.
1323 3044 1482 3118 Ubicunque
1500 3052 1571 3106 enim
1589 3054 1679 3109 anima
1698 3057 1942 3119 habitaturaDco

303 3133 401 3198 sertis,
428 3153 437 3185 i
455 3132 532 3203 juxta
557 3132 750 3203 Symmachum
775 3141 857 3202 atque
883 3131 1096 3187 Theodotionem
1146 3132 1213 3187 etin
1230 3131 1331 3204 Spiritu
1348 3140 1534 3210 sanctoplcna
1553 3150 1604 3209 est,
1625 3160 1677 3200 non
1691 3155 1782 3219 potest
1798 3150 1836 3206 ibi
1852 3151 1940 3207 hura.

306 3248 315 3280 «
333 3229 360 3283 in
373 3229 514 3300 parietinis
527 3238 555 3283 et
568 3227 701 3290 ruinosis,
720 3247 730 3279 r
746 3228 859 3297 quinon
876 3234 988 3297 possunt
999 3241 1095 3281 ascen·
1146 3222 1260 3279 tloorum
1273 3224 1396 3282 doctrina
1417 3238 1569 3300 penetrare,
1589 3249 1641 3290 non
1656 3235 1727 3292 valet
1740 3253 1838 3295 eorum
1850 3257 1940 3299 sermo

304 3321 368 3377 «lero
380 3336 413 3376 es
429 3322 557 3386 adverso,
574 3334 661 3391 neque
674 3335 780 3380 murum
793 3334 842 3391 pro
857 3320 934 3375 domo
948 3319 1029 3374 lsrael
1044 3334 1094 3390 op·
1144 3319 1328 3386 prommpere.
1339 3317 1389 3375 Ubi
1399 3330 1488 3377 autern
1500 3324 1615 3381 solitudo
1623 3325 1782 3393 Christiest,
1792 3332 1837 3386 ubi
1851 3333 1940 3390 «leser-

302 3425 415 3481 ponere.
432 3409 557 3480 Legimus
568 3408 663 3471 (Num.
679 3408 734 3480 avr)
749 3408 839 3463 Aaron
851 3409 994 3465 adversum
1005 3410 1093 3480 ignem
1146 3413 1202 3460 turn
1211 3405 1341 3475 justitiae,
1361 3410 1396 3465 ibi
1414 3414 1585 3482 nequissimae
1598 3416 1746 3490 discipliuae
1758 3437 1865 3479 venena
1880 3441 1938 3480 rer·

304 3500 385 3555 lsrael
406 3500 533 3571 populum
553 3498 744 3565 devorantem,
766 3499 917 3555 occurrisse
936 3507 964 3553 et
987 3486 1130 3555 stetisseC
1145 3504 1249 3550 santur.
1263 3496 1375 3563 Idcirco,
1391 3500 1461 3555 sicut
1472 3503 1561 3573 vulpis
1573 3506 1611 3560 ait
1625 3507 1652 3561 in
1664 3509 1790 3573 desertis,
1799 3511 1936 3582 Prophetae

304 3590 438 3655 medium,
453 3600 481 3645 ct
492 3590 651 3661 opposuisse
665 3604 694 3645 se
707 3605 814 3645 murum
826 3605 876 3660 pro
893 3592 978 3646 salute
990 3590 1091 3661 populi.
1145 3584 1193 3649 lui,
1208 3584 1364 3653 lsrael,non
1378 3598 1512 3646 steterunt
1528 3594 1556 3647 in
1572 3595 1754 3653 firmamento.
1770 3599 1800 3656 Si
1815 3603 1934 3658 corasidc-

302 3679 426 3738 lcremim
439 3697 545 3753 quoque
559 3683 668 3747 dicitur,
683 3697 717 3738 ne
729 3690 855 3737 occurrat
868 3680 992 3748 Domino,
1007 3696 1095 3753 noque
1144 3688 1207 3729 rare
1219 3676 1336 3733 volueris
1353 3678 1435 3736 ialsos
1455 3683 1613 3754 magistros,
1628 3686 1733 3744 videbis
1747 3704 1797 3746 eos
1817 3692 1932 3748 infinitos

303 3781 358 3827 stet
368 3781 462 3829 contra
478 3773 546 3826 iram
566 3773 625 3843 ejus
644 3772 775 3827 orationis
793 3772 1003 3840 perseverantia.
1018 3772 1095 3827 Sicut
1145 3766 1300 3835 instabiles,
1317 3786 1371 3826 non
1390 3772 1511 3829 valentes
1524 3775 1635 3832 diccrc:
1653 3796 1662 3829 v
1681 3777 1785 3835 Statuit
1797 3798 1929 3853 superpe·

302 3879 375 3920 curm
396 3879 488 3918 murus
503 3862 573 3919 hosti
594 3863 754 3935 opponitur,
775 3870 802 3917 et
820 3862 974 3917 adversario
987 3862 1095 3917 occurri
1146 3866 1214 3915 tram
1235 3862 1319 3932 pedes
1339 3878 1433 3931 meos,
1455 3875 1483 3921 et
1506 3867 1604 3923 direxit
1627 3886 1737 3939 gressus
1755 3889 1831 3945 meos
1848 3872 1925 3947 (Psoi.

302 3954 372 4011 solet
385 3970 416 4010 cx
432 3953 545 4009 adverso
555 3962 703 4023 contraque
713 3951 843 4016 venienti,
855 3951 893 4005 ita
903 3950 951 4005 Dei
960 3952 1093 4006 sententia
1145 3949 1250 4022 xxxix).
1272 3952 1330 4008 ›ttt
1344 3954 1406 4022 quia
1422 3971 1475 4011 non
1492 3964 1555 4011 sunt
1575 3958 1656 4024 tales,
1672 3970 1702 4015 ut
1714 3964 1840 4019 steterint
1852 3963 1923 4020 robu·

303 4055 458 4101 sauctorum
477 4044 604 4115 precibus
621 4042 764 4112 frangitur.
782 4042 860 4099 Unde
879 4050 906 4097 et
923 4041 1006 4115 Moysi
1029 4043 1095 4099 dici·
1145 4046 1187 4094 sta
1202 4040 1294 4097 radice
1308 4040 1422 4109 fundati,
1435 4045 1495 4100 ideo
1506 4062 1558 4102 nou
1570 4055 1703 4105 steterunt
1714 4051 1741 4104 in
1754 4052 1918 4113 lineamento

304 4148 366 4193 tur:
381 4157 390 4190 ι
404 4137 516 4192 Dimitte
530 4151 588 4203 me,
601 4144 629 4191 et
646 4136 740 4191 delebo
754 4135 880 4207 populum
896 4136 977 4190 istum
994 4134 1092 4207 (Eroti.
1144 4132 1192 4190 sed
1205 4133 1362 4189 direxerunt
1378 4150 1486 4191 movere
1503 4138 1586 4208 pedes
1599 4153 1673 4196 suos.
1688 4140 1824 4216 (Hieron.)
1836 4143 1918 4201 Omnes

302 4227 406 4298 xxxiii.
423 4247 433 4280 r
448 4227 497 4284 Cui
512 4228 583 4281 enirn
597 4227 711 4292 dicitur,
728 4247 737 4278 «
754 4226 930 4290 dimittente,
949 4246 959 4277 r
974 4227 1093 4281 ostendi·
1144 4223 1265 4279 baeretici
1278 4233 1388 4294 propter
1398 4224 1604 4283 fraudulentiam
1617 4245 1649 4285 ac
1660 4233 1914 4305 nequitiamvulpiuu
1980 4283 1982 4304 ,

303 4329 358 4385 tur,
373 4320 443 4389 quod
463 4318 568 4372 tenendi
589 4318 687 4371 babeat
705 4316 870 4371 facultatem.
888 4316 933 4371 lsti
951 4324 1025 4372 stare
1040 4330 1092 4370 uon
1144 4314 1247 4369 similes
1260 4325 1332 4370 sunt.
1348 4318 1386 4371 De
1399 4318 1496 4387 quibus
1509 4317 1632 4375 Salvator
1642 4305 1912 4395 loquituraVulpcslo

302 4422 415 4481 possunt
431 4410 458 4465 in
471 4409 564 4480 praelio
582 4409 610 4464 in
624 4408 666 4463 die
680 4407 798 4473 Domini,
813 4415 843 4461 ut
856 4423 905 4478 pro
918 4407 1016 4478 populo
1029 4421 1092 4477 pre·
1144 4405 1326 4470 vcashabent,
1335 4406 1492 4463 ctvolucres
1501 4408 1561 4463 coeli
1573 4410 1912 4470 nidos-‹Etdellcrodesicr

302 4501 379 4557 cibus
391 4499 529 4565 dimicent,
538 4506 565 4555 et
575 4498 703 4554 resistant
714 4497 945 4553 obsecrationibus
955 4498 1094 4553 sententia·
1144 4499 1219 4563 ptum
1229 4503 1270 4549 cst
1283 4512 1290 4547 ε
1304 4494 1411 4550 «Dicite
1421 4496 1492 4567 vulpi
1502 4496 1573 4553 huic.
1587 4497 1640 4554 »lit
1650 4499 1684 4556 de
1693 4499 1788 4555 iisdem
1799 4499 1906 4569 vulpibus.

301 4593 359 4649 Dei.
371 4592 439 4660 Quia
458 4592 541 4663 igitur
558 4605 628 4646 vana
648 4591 817 4662 conspiciunt
832 4597 860 4646 et
880 4589 1002 4645 divinant
1016 4604 1092 4645 men·
1145 4597 1204 4651 qum
1221 4582 1347 4653 parvulos
1367 4584 1557 4656 simplicesque
1569 4587 1720 4659 decipiunt,
1734 4590 1905 4661 etpopulantur

301 4684 423 4748 dacium,
444 4690 505 4738 pta
525 4681 639 4738 Domino
656 4682 753 4737 missos
770 4695 830 4735 esse
852 4695 882 4735 se
908 4679 1014 4745 dicunt,
1031 4693 1093 4734 cum
1144 4673 1251 4728 vitreum
1265 4672 1383 4740 Christi,
1399 4673 1526 4730 Salomon
1543 4677 1662 4748 loquitur
1684 4698 1691 4733 ε
1715 4680 1831 4751 ‹Capite
1849 4675 1903 4732 nobil

299 4789 355 4829 nou
368 4774 423 4829 siut
437 4773 512 4829 missi
526 4787 541 4827 a
556 4772 624 4839 Deo,
636 4780 664 4829 et
677 4777 852 4841 perseverant
865 4770 892 4823 in
905 4770 1055 4835 erroribus,
1066 4779 1094 4824 ct
1145 4763 1240 4833 vulpes
1258 4765 1402 4835 parvulas,
1424 4767 1586 4835 dissipantes
1598 4769 1692 4825 vincas
1705 4770 1793 4842 (Cant.
1811 4769 1846 4841 u).
1862 4763 1902 4820 ‚D

302 4884 380 4923 suum
401 4869 513 4937 cupiunt
531 4866 642 4922 firmare
658 4879 831 4928 sermonem,
853 4870 1003 4935 arguuntur
1022 4863 1094 4932 quod
1146 4855 1172 4909 in
1194 4854 1314 4925 psalmo,
1335 4871 1417 4926 super
1435 4858 1478 4912 bis
1494 4858 1539 4928 qui
1559 4874 1651 4913 eorum
1670 4859 1842 4915 fraudulentia
1860 4869 1902 4924 ill·

301 4959 392 5014 omnia
405 4959 460 5014 sint
484 4973 574 5022 cassa,
586 4973 646 5029 quac
660 4957 817 5026 praedicant,
831 4971 908 5009 suurn
924 4954 1093 5009 mendacium
1144 4945 1310 5015 plantantur,
1324 4947 1450 5002 canitur:
1473 4967 1482 4998 «
1499 4948 1649 5003 lutmibuut
1660 4949 1688 5003 in
1702 4949 1824 5005 interiora
1836 4957 1899 5002 terra

303 5050 408 5105 Domini
428 5065 580 5106 servuonem
604 5064 664 5104 esse
683 5048 803 5103 dicentes
823 5066 829 5101 :
855 5066 864 5098 «
887 5046 1037 5117 Propheta,
1052 5045 1094 5099 in·
1146 5035 1321 5090 ltadesslssiiss
1332 5051 1427 5091 manus
1435 5037 1526 5107 gladii,
1537 5034 1898 5109 P³l¹0⁸l¹¹¹lli¹¹¹¹¹⁶l¹¹¹¹¹(¹'¹l¹·

302 5140 372 5211 «parit,
384 5153 465 5209 super
477 5140 622 5209 prophetas
635 5137 716 5193 lsrael
728 5138 773 5206 qni
788 5139 965 5218 prophetant,
979 5144 1006 5191 et
1020 5135 1093 5191 dices
1144 5126 1221 5197 ml)-
1240 5145 1249 5178 s
1269 5126 1302 5181 lli
1316 5128 1464 5197 prophete,
1476 5129 1521 5198 (μή
1537 5128 1657 5198 vulpium
1678 5129 1780 5186 slmiles
1790 5139 1853 5184 sunt.
1864 5139 1898 5180 neu

302 5228 451 5300 prophetis.
469 5246 478 5280 r
493 5225 591 5299 (Deip.)
605 5227 743 5293 Quomodo
754 5242 821 5298 opus
831 5226 1027 5296 Prophetarum
1036 5232 1095 5281 erat
1145 5224 1278 5273 steterunt
1292 5217 1318 5271 in
1330 5217 1514 5281 firmamento,
1535 5233 1585 5273 nec
1598 5233 1659 5272 cum
1677 5217 1756 5275 Petro
1769 5220 1897 5275 audirenr

302 5318 363 5375 bec
375 5319 475 5384 dicere,
491 5333 550 5389 quac
561 5318 740 5390 jubebantur;
753 5317 793 5374 sic
802 5318 896 5374 eodem
915 5301 1014 5388 spiritu
1023 5332 1091 5387 opus
1145 5317 1257 5366 ruerunt
1272 5326 1277 5362 :
1292 5328 1301 5360 «
1316 5308 1355 5362 Tu
1366 5324 1396 5363 cs
1411 5307 1516 5374 Petrus,
1529 5316 1557 5364 et
1568 5324 1651 5378 super
1663 5309 1735 5366 hanc
1748 5310 1848 5367 Petram
1857 5302 1898 5360 all·

302 5418 345 5468 cst
358 5412 395 5477 ci,
409 5412 454 5483 qui
469 5424 603 5482 exponere
614 5411 704 5482 cupit,
724 5425 754 5465 ea
774 5424 834 5479 quse
850 5417 914 5466 sunt
929 5410 1041 5464 latenter
1056 5409 1092 5464 si·
1145 5400 1231 5455 srcaho
1244 5398 1390 5454 Ecclesiam
1402 5414 1492 5455 meam
1507 5399 1613 5472 (hatab.
1630 5399 1699 5472 xia).
1719 5420 1728 5454 r
1744 5420 1753 5454 «
1768 5400 1822 5458 lion
1834 5408 1898 5454 ascl·

303 5504 440 5577 gnillcata,
454 5512 485 5559 ut
496 5509 627 5560 monstret
641 5518 714 5558 nurrc
731 5504 765 5558 ad
782 5517 828 5558 eos
842 5502 900 5557 heri
912 5502 1090 5572 prophetiam,
1146 5494 1232 5555 distis,
1248 5493 1344 5561 iuquit,
1360 5508 1393 5547 ex
1406 5493 1531 5555 adverso.
1547 5506 1635 5562 neque
1647 5493 1809 5563 opposuistis
1821 5496 1898 5546 norm

305 5595 352 5668 qui
365 5603 459 5652 contra
474 5592 522 5649 Dei
534 5593 632 5649 docent
644 5592 819 5658 voluntatem,
830 5592 875 5660 qui
886 5592 1048 5661 prophetant
1059 5589 1093 5643 de
1145 5601 1195 5656 pro
1207 5586 1286 5639 doum
1297 5582 1388 5647 lsrael,
1405 5592 1435 5637 ut
1449 5584 1558 5637 staretis
1569 5582 1595 5637 in
1606 5576 1897 5651 mahometanorum-r
1980 5593 1982 5611 ¹

303 5687 387 5746 corde
400 5699 459 5743 suo.
476 5684 558 5741 turta
571 5684 722 5755 simplicem
737 5683 845 5754 quidem
860 5682 1022 5737 intellectum
1034 5680 1094 5750 qui·
1146 5678 1247 5753 (Grec.)
1262 5678 1301 5732 liv
1314 5679 1428 5733 adverso
1441 5677 1539 5747 quippe
1558 5678 1708 5732 ascendere
1720 5687 1762 5733 est
1778 5692 1824 5749 pro
1833 5671 1899 5731 ocia·

303 5778 367 5833 'darn
380 5777 572 5847 prophetarum
590 5776 624 5830 de
641 5774 732 5830 divino
748 5772 850 5844 Spiritu
868 5770 1022 5842 loquentes,
1040 5788 1093 5826 non
1145 5771 1221 5827 sione
1243 5769 1332 5839 gregis
1349 5782 1413 5822 voco
1434 5766 1520 5822 libera
1541 5766 1621 5836 hujus
1638 5767 1734 5824 mundi
1755 5759 1899 5839 potestatilttt

305 5866 339 5922 de
353 5881 403 5923 suo
419 5866 501 5923 corde
513 5863 596 5921 locuti
612 5871 689 5929 sunt,
704 5864 752 5919 sed
764 5863 798 5919 de
812 5878 893 5919 sensu
907 5853 966 5917 Dei.
980 5860 1093 5928 Quidam
1144 5862 1290 5918 contraire.
1302 5859 1335 5913 Et
1346 5858 1375 5913 in
1391 5857 1438 5911 Die
1453 5856 1558 5911 Domini
1572 5862 1656 5921 stare,
1667 5865 1712 5912 est
1725 5853 1901 5929 inprvffiooe

304 5971 371 6016 vero
384 5957 544 6016 simulantes
561 5971 591 6011 se
609 5955 758 6026 Prophetas
777 5962 858 6024 atque
875 5954 996 6009 dicentes
1010 5968 1018 6004 ι
1033 5950 1095 6008 ltrec
1144 5951 1186 6007 vis
1207 5948 1407 6005 decertantibus
1426 5960 1460 6001 ex
1474 5944 1587 6013 iustitiae
1609 5959 1704 6001 amore
1726 5945 1854 6001 resistere
1871 5939 1901 5993 lt

304 6048 373 6105 dicit
382 6048 528 6117 Dominus,
549 6049 662 6105 Domino
677 6063 729 6105 raon
740 6046 866 6117 loquente
884 6045 912 6100 in
926 6044 966 6101 eis
979 6042 1096 6114 pseudo-
1145 6040 1212 6096 stori
1235 6039 1307 6095 enim
1327 6036 1402 6093 recia
1429 6035 1552 6091 timuisse
1572 6034 1684 6099 dicere,
1709 6033 1775 6108 quid
1799 6047 1838 6092 est
1854 6021 1901 6086 alul
